3917 5742
338 682 389 732 158
694 679 717 747 J.
737 677 842 732 Pekai:
862 677 1002 745 Neistars‘i
1021 679 1144 732 kronilra
1162 677 1258 731 cestra.

338 859 455 921 victrix
489 859 532 921 ad
557 859 730 921 dominum
756 858 829 920 1111.
854 857 1073 920 kalendarum
1110 859 1323 933 octobrium,a
1345 858 1419 920 celo
1445 857 1624 939 gaudente,

196 951 237 1002 28.
258 949 314 1001 zan
338 960 425 1010 terra
451 948 611 1027 plorante,
637 967 726 1008 anno
750 948 918 1009 dominice
943 950 1185 1010 incarnacionis
1209 942 1549 1012 DCCCCXXVIIII.b

226 1024 286 1073 929.

429 1036 590 1115 Eiusquec
613 1032 786 1099 exanimed
808 1055 932 1116 corpus
956 1047 1070 1111 mater,
1094 1056 1195 1117 quam
1219 1057 1326 1115 nuper
1343 1037 1490 1115 peccatis
1521 1039 1626 1113 ipsius

339 1127 547 1208 exigentibus
571 1126 754 1206 pepulerat,
782 1144 978 1206 rursumque
1002 1127 1035 1187 in
1060 1145 1143 1204 pace
1167 1146 1227 1205 pro
1252 1124 1373 1189 Christi
1389 1145 1506 1187 amore
1531 1145 1624 1187 revo-

339 1215 717 1296 caverat-quibusdam
754 1234 831 1277 cum
866 1214 1020 1278 fidelibus
1057 1218 1233 1294 rapientes,
1269 1218 1300 1276 in
1331 1215 1448 1278 tumba
1487 1215 1625 1277 tandem

339 1306 547 1386 proicientes,
573 1303 675 1365 humo
700 1313 955 1382 cooperuerunt,
979 1323 1047 1366 non
1072 1314 1108 1366 ut
1131 1304 1276 1366 decebat
1299 1313 1489 1381 martyrem,
1515 1304 1574 1366 sed
1592 1314 1626 1364 ut

340 1395 464 1457 assolet
483 1394 656 1474 quisquam
675 1394 811 1455 honoris
825 1403 881 1454 aut
895 1394 1109 1455 beatitudiuis
1123 1392 1311 1455 mortalium
1328 1414 1452 1472 expers
1468 1393 1627 1473 sepeliri.e

340 1480 408 1545 Sed
425 1484 477 1545 ille
494 1487 613 1545 beatus
629 1482 722 1544 miles
739 1503 783 1543 ex
801 1501 886 1559 pena
903 1491 937 1543 et
954 1485 1155 1544 contumelia
1179 1484 1440 1544 numerosiorem
1465 1483 1569 1563 surgit
1584 1480 1627 1543 ad

340 1574 477 1655 gloriam
492 1569 526 1653 [f.
541 1566 621 1655 33⁰],
638 1582 672 1633 et
684 1579 812 1651 quanto
825 1571 918 1632 vilius
934 1593 954 1633 a
967 1572 1040 1634 filiis
1053 1571 1187 1649 dyaboli
1202 1581 1236 1633 et
1249 1572 1405 1634 membris
1418 1574 1490 1633 eius
1504 1582 1627 1647 martyr

340 1664 513 1742 preciosus
536 1669 706 1736 tractatur,
730 1669 825 1722 tanto
845 1663 953 1721 carior
972 1680 1034 1722 suo
1052 1655 1202 1723 dominos
1227 1669 1261 1722 et
1276 1661 1467 1723 concivibus
1479 1660 1626 1723 celorum

340 1760 560 1832 presentatur.
586 1749 735 1813 Efficitur
751 1752 861 1813 socius
877 1750 1080 1830 angelorum,
1106 1770 1246 1812 consors
1263 1749 1502 1829 apostolorum,
1527 1749 1625 1812 cohe-

342 1846 409 1901 resg
432 1848 623 1916 martyrum,
657 1840 801 1920 iungitur
836 1842 939 1919 quieti
974 1837 1212 1913 confessorum,
1247 1842 1407 1920 virginum
1442 1837 1626 1920 integritati,

342 1929 560 2009 possidetque
584 1948 744 1990 coronam
769 1938 881 1990 eterne
899 1929 1071 1990 viriditatis
1086 1938 1121 1991 et
1137 1928 1417 2007 pulchritudinem
1434 1921 1626 2004 perhennish

342 2020 539 2080 amenitatis.
563 2016 685 2098 Sicque
701 2018 824 2079 ducatu
842 2027 974 2081 terrene
990 2017 1179 2091 nobilitatis,
1195 2038 1262 2099 quo
1280 2018 1452 2098 quondam
1471 2026 1627 2079 strennue

342 2107 499 2188 pollebat,
524 2115 730 2188 contempto,
755 2126 892 2189 regnum
911 2107 1035 2169 celeste
1060 2108 1131 2169 dux
1156 2115 1189 2169 et
1212 2117 1340 2185 martyr
1364 2126 1461 2169 verus
1488 2106 1628 2168 intravit.

343 2195 411 2259 Sed
444 2217 506 2259 nos
537 2206 628 2257 tante
660 2196 818 2259 siccitatis
849 2206 882 2257 et
914 2199 1107 2258 rusticitatis
1139 2196 1202 2259 hec
1233 2196 1497 2276 sapiencioribus
1530 2197 1628 2257 relin-

343 2296 491 2366 quentes,
526 2286 570 2346 ad
606 2285 792 2365 simplicem
827 2287 1065 2349 miraculorum
1102 2288 1173 2347 eius
1198 2287 1381 2364 hystoriam
1412 2284 1626 2348 scribendam

344 2377 456 2437 stilum
479 2386 654 2436 vertamus

437 2476 535 2564 [Kap.
553 2476 596 2564 8.]
621 2480 763 2563 Sanguis
787 2482 875 2543 beati
901 2482 1063 2557 martyris,
1089 2481 1144 2561 qui
1170 2482 1213 2541 ab
1237 2480 1344 2558 impiis
1368 2481 1469 2559 impie
1492 2474 1629 2541 effususi

345 2584 394 2631 est
417 2572 450 2631 in
473 2581 596 2633 terram
621 2580 654 2632 et
678 2591 738 2649 per
762 2572 906 2648 parietes
930 2589 1075 2649 sparsuS,
1093 2569 1180 2632 lotus
1205 2581 1255 2631 est
1279 2588 1366 2649 aqua
1391 2577 1423 2629 et
1447 2571 1627 2630 abstersus.

346 2659 414 2722 Sed
439 2660 492 2721 die
517 2660 629 2733 altera,
663 2663 718 2738 qui
748 2659 852 2738 pridie
881 2660 1037 2732 laverant,
1073 2654 1326 2739 regredientes,¹‘
1356 2660 1424 2720 acsi
1457 2678 1628 2739 nunquam

346 2767 467 2827 aquam
491 2750 699 2825 inmisissent,
725 2753 894 2826 reperiunt
919 2750 1063 2826 parietes
1088 2757 1121 2809 et
1145 2756 1268 2810 terram
1285 2750 1446 2828 sanguine
1462 2746 1630 2825 infectam,

346 2839 438 2918 quod
455 2858 566 2899 rursus
591 2841 781 2918 abstergere
805 2838 971 2900 festinant.
997 2836 1073 2897 Hoc
1098 2838 1202 2898 eciam
1227 2837 1315 2899 facto
1340 2842 1453 2914 tercio,
1478 2837 1630 2899 videntes

345 2946 380 2987 se
405 2927 503 2987 nichil
529 2926 700 3006 proficere,
736 2928 969 2990 discesserunt.
1009 2924 1078 2988 Sed
1103 2927 1190 2987 idern
1222 2927 1328 2988 sancti
1352 2927 1507 3003 martyris
1532 2945 1629 2987 neca·

345 3026 443 3087 tores,
476 3011 521 3090 ei,¹
554 3036 652 3096 quem
686 3036 790 3096 usque
822 3016 864 3078 ad
897 3024 1040 3077 mortem
1077 3018 1242 3095 persecuti
1278 3024 1362 3090 sunt,
1397 3035 1459 3077 nec
1497 3027 1629 3077 mortuo

347 3125 484 3184 parcere
519 3105 699 3183 cupientes,
735 3125 833 3166 cursu
871 3104 989 3184 rapido
1025 3105 1189 3166 civitatem
1224 3106 1423 3185 Pragensem
1448 3105 1574 3166 adeunt
1597 3112 1631 3165 et

346 3214 462 3255 omues
487 3195 614 3255 amicos
638 3195 716 3271 eius,
740 3213 826 3273 quos
850 3194 959 3256 bonos
985 3195 1076 3255 bono
1101 3194 1272 3255 adhesisse
1296 3194 1470 3269 credimus,
1502 3194 1630 3255 diversa

347 3292 380 3344 et
404 3282 531 3344 crudeli
555 3292 662 3344 morte
687 3284 853 3362 perimunt
887 3294 921 3345 et
954 3282 1097 3345 infantes
1132 3302 1248 3344 eorum
1281 3286 1372 3345 vivos
1406 3286 1437 3344 in
1464 3281 1630 3359 profundo

347 3372 434 3433 fluvii
453 3370 617 3433 Wltaviem
633 3372 852 3435 dimerserunt
883 3370 986 3450 Quos,
1003 3374 1095 3451 quian
1117 3375 1294 3452 participes
1311 3371 1444 3435 fuerunt
1460 3373 1632 3451 passionis,

346 3462 514 3523 credimus
538 3481 612 3523 esse
637 3461 774 3523 effectos
799 3470 832 3523 et
856 3463 966 3542 glorie,
1003 3470 1036 3523 et
1071 3481 1186 3523 eorum
1221 3481 1396 3523 numerum
1431 3471 1464 3524 et
1488 3462 1632 3536 nomina,

346 3551 423 3612 licet
445 3570 507 3611 nos
533 3551 656 3632 indigni
687 3571 745 3629 pre
777 3550 987 3613 multitudine
1019 3570 1135 3612 eorum
1160 3552 1356 3624 nesciamus,
1389 3559 1499 3614 tamen
1531 3550 1631 3611 deum

346 3642 430 3701 scire
454 3651 487 3702 et
504 3639 658 3721 elegisse⁰
680 3659 756 3701 vere
773 3642 948 3705 credimus.
973 3639 1190 3702 Adunaverat
1214 3649 1325 3702 autem
1341 3641 1387 3702 vir
1403 3641 1532 3714 beatus
1552 3639 1630 3700 dum

347 3730 458 3791 adhuc
474 3731 605 3803 viveret,
630 3729 825 3791 clericorum
850 3749 917 3791 non
943 3731 1111 3791 minimam
1137 3728 1381 3791 multitudinem
1405 3739 1439 3790 et
1462 3747 1633 3789 servorum

349 3820 412 3892 dei,
448 3836 534 3896 quos
570 3828 802 3896 persecutores
836 3822 942 3880 sancti
978 3820 1131 3895 martyris
1164 3817 1249 3879 adeo
1282 3818 1448 3898 persecuti
1480 3826 1565 3890 sunt,
1597 3827 1633 3878 ut

349 3909 405 3968 vix
428 3909 461 3970 in
484 3907 590 3988 patria
616 3908 735 3988 aliquis
759 3927 876 3969 eorum
912 3916 1107 3981 remaneret,
1146 3917 1181 3967 ut
1206 3928 1283 3969 vere
1315 3911 1347 3969 in
1372 3909 1436 3969 hoc
1460 3907 1632 3988 impletum

350 4015 570 4070 cerneremus,
595 3998 686 4077 quod
712 3998 754 4058 de
779 3998 915 4058 domino
952 3996 1128 4075 specialius
1160 3998 1362 4072 predictumi'
1384 3997 1632 4077 cognoscimus:

352 4085 515 4148 Percutite
539 4094 709 4166 pastorem
726 4095 759 4147 et
783 4086 1015 4167 dispergentur
1033 4105 1111 4147 oves
1126 4089 1243 4166 gregis.
1271 4081 1383 4167 [Zach.
1405 4088 1454 4147 13.
1472 4087 1509 4160 3;
1529 4085 1632 4147 Math.

440 4297 470 4359 a)
489 4293 543 4346 Un.
564 4295 617 4348 kal.
637 4294 773 4347 octobris.
792 4292 822 4362 b)
842 4293 913 4360 Kap.
934 4296 980 4347 rna
1001 4292 1310 4353 Dccccxxxvflll.
1330 4294 1374 4346 ale
1394 4294 1461 4347 tieti
1480 4293 1506 4346 X
1524 4295 1553 4362 Je
1579 4293 1634 4361 pii·

351 4366 441 4433 psano
461 4366 574 4434 pozdeji
588 4383 604 4418 v
618 4366 718 4418 rasuie
737 4367 804 4423 (srv.
826 4367 895 4451 vyse
915 4373 964 4418 str.
985 4372 1027 4427 40,
1048 4382 1129 4432 pozn
1144 4364 1177 4433 1).
1198 4365 1250 4417 Un.
1266 4365 1292 4417 b.
1307 4367 1353 4417 ma
1367 4363 1634 4430 Dceccxxvut,

351 4437 396 4489 ale
416 4437 550 4503 posledni
568 4438 579 4489 Ι
597 4438 625 4506 je
645 4454 661 4487 v
681 4437 796 4501 rasuie;
819 4437 955 4505 puvodne
975 4438 1044 4506 bylo
1063 4439 1072 4489 i
1091 4437 1145 4489 zde
1165 4437 1265 4504 patrne
1285 4440 1346 4489 929.
1366 4437 1392 4503 c)
1413 4436 1466 4489 Un.
1486 4437 1635 4490 Eiusdem.

353 4508 383 4574 d)
397 4507 462 4562 Oba
482 4510 543 4575 rkp.
563 4510 704 4561 examine.
725 4512 752 4572 c)
771 4509 835 4562 Tak
853 4511 926 4577 jsem
946 4509 1055 4576 doplnil
1074 4516 1138 4561 toto
1158 4508 1399 4561 nesrozumitelne
1420 4509 1519 4562 misto:
1540 4517 1571 4561 ut
1590 4524 1634 4560 as-

353 4580 426 4633 solet
445 4582 598 4649 quisquam
618 4582 736 4633 honoris
756 4589 806 4633 aut
819 4580 1005 4634 beatitudinis
1025 4581 1195 4632 mortalium.
1216 4578 1237 4639 si
1253 4578 1305 4633 Un.
1320 4580 1438 4632 domino
1458 4596 1519 4632 suo.
1539 4583 1567 4649 g)
1581 4580 1634 4634 Un.

354 4651 484 4705 choeres.
504 4653 534 4719 h)
547 4651 599 4704 Un.
613 4652 748 4718 perennis
756 4669 762 4717 ;
783 4651 835 4703 Un.
856 4653 883 4704 b.
904 4651 1068 4718 perhennis.
1089 4650 1107 4717 i)
1121 4651 1192 4717 Kap.
1213 4649 1301 4702 susus.
1322 4651 1352 4716 k)
1366 4649 1418 4703 Uri.
1431 4651 1635 4721 ingredientes.

355 4722 451 4861 i))Oba
464 4726 553 4792 rkpy:
567 4739 641 4775 eum.
656 4727 695 4791 m)
708 4722 760 4776 Un.
778 4723 923 4788 Vultavie3
938 4722 991 4776 Un.
1007 4723 1033 4775 b.
1047 4721 1179 4775 Wltavie.
1201 4721 1230 4788 n)
1246 4720 1298 4774 Un.
1312 4737 1377 4790 quc.
1392 4726 1421 4788 o)
1437 4722 1509 4791 Kap.
1524 4723 1634 4792 legisse.

353 4809 372 4861 p
403 4795 473 4862 Kap.
493 4796 585 4847 nema.
