3917 5742
865 639 1000 706 Kapitola
1019 640 1095 692 tieti.
1570 645 1621 695 139

337 823 550 884 sacerdotum
583 822 856 900 clericorumque,
892 820 1125 901 perfectusque
1156 822 1188 881 in
1213 821 1278 883 fide
1314 818 1444 897 Christi,
1480 824 1622 901 peractis

336 914 399 973 vite
424 932 484 974 sue
508 914 602 973 annis
625 911 696 983 XL,
720 911 794 972 luce
818 931 863 971 ex
887 911 948 971 hac
971 911 1132 992 migravit,
1157 919 1245 972 astra
1269 921 1395 989 petens.
1420 908 1522 974 Cuius
1547 921 1623 990 post

335 1003 508 1063 transitum
533 1000 633 1062 frater
657 1000 727 1061 eius
745 999 942 1061 Wratizlaua
966 1001 1056 1082 regni
1078 1001 1266 1075 suscepisse
1282 995 1479 1062 dinosciturb
1503 1002 1620 1082 guber-

335 1090 462 1162 nacula,
487 1092 614 1151 ducens
630 1109 772 1151 uxorem
798 1090 931 1150 nomine
948 1088 1133 1171 Dragomir,
1151 1108 1208 1149 exr
1219 1090 1387 1167 provincia
1411 1087 1605 1151 Sclavorum
1641 1109 1759 1171 Fontes,

336 1198 552 1261 paganorum,
584 1197 650 1258 que
683 1178 823 1239 Ztodore
855 1178 985 1253 dicitur,
1015 1179 1156 1241 Iezabeli
1189 1178 1234 1239 illi
1267 1179 1523 1253 assimilandam‚
1555 1199 1621 1259 que
1649 1180 1669 1243 Ι,
1689 1184 1752 1235 206.

336 1263 530 1350 prophetasf
555 1268 684 1329 malicia
708 1287 768 1328 sua
792 1269 976 1343 trucidavit,
1001 1287 1060 1329 seu
1077 1266 1155 1345 Eve,
1179 1267 1403 1346 prothoplasti
1427 1271 1533 1345 uxori,
1558 1289 1623 1348 que

336 1357 417 1422 Cain
442 1370 474 1420 et
498 1356 639 1419 Abelem
672 1357 772 1418 enixa
804 1366 864 1417 est.
900 1355 1072 1436 Siquidem
1105 1356 1285 1438 Dragomir
1317 1359 1448 1436 peperit
1479 1376 1524 1419 ex
1547 1360 1621 1438 ipso

336 1449 484 1527 principe
509 1457 607 1508 natos
632 1448 737 1521 binoS,
770 1465 873 1507 unum
898 1448 1079 1509 vocitatum
1105 1445 1354 1523 Wencezslau,g
1377 1447 1519 1508 alterum
1543 1468 1621 1510 vero

336 1530 517 1599 Boleslau.¹¹
543 1534 611 1597 Sed
636 1534 698 1595 hec
723 1536 834 1598 locum
859 1554 955 1596 suurn
980 1536 1215 1614 prestolantur.

426 1626 528 1707 Igitur
559 1626 713 1705 religiosa
738 1636 891 1686 matrona
915 1624 1070 1686 Ludmila
1096 1617 1258 1687 viduaturi
1293 1625 1370 1701 viru,
1394 1627 1532 1686 orbatur
1555 1628 1621 1687 iarn

335 1716 402 1778 filio
427 1736 493 1777 uno
519 1715 655 1786 maiore,
686 1715 719 1774 in
743 1714 847 1775 domo
876 1717 1011 1792 propria
1037 1716 1230 1792 consistens,
1262 1734 1453 1776 memorans
1487 1716 1622 1791 pristine

336 1806 527 1886 ignorancie
551 1806 750 1881 errorisque,
776 1804 912 1865 cottidie
937 1822 1013 1865 cum
1038 1804 1183 1866 lacrimis
1207 1804 1363 1882 preterita
1388 1803 1536 1865 deflebat
1560 1807 1620 1866 cri·

336 1897 433 1955 mina.
460 1892 503 1955 Et
526 1894 612 1955 sicut
636 1904 732 1953 antea
758 1893 959 1954 exhibuerat
975 1894 1125 1956 membra
1142 1912 1201 1956 sua
1220 1895 1341 1955 servire
1357 1893 1572 1954 immundicie
1588 1903 1622 1954 et

336 1984 499 2062 iniquitati
517 1984 560 2044 ad
576 1983 792 2061 iniquitatem,
809 1983 852 2042 ita
869 1982 1005 2043 demum
1022 1983 1209 2047 exhibebat
1226 1984 1344 2046 eadem
1358 1984 1478 2044 servire
1495 1983 1622 2044 iusticie

336 2074 368 2135 in
385 2071 699 2146 sanctificacionem,
723 2072 838 2133 dicens
855 2072 934 2133 illud
952 2073 1112 2150 apostoli:
1138 2072 1249 2153 Quem
1266 2072 1408 2152 fructum
1425 2071 1527 2133 habui
1543 2082 1621 2133 tunc

335 2164 368 2224 in
400 2162 469 2237 illis,
493 2164 525 2222 in
555 2161 676 2240 quibus
700 2180 789 2222 nunc
814 2162 998 2222 erubesco?
1025 2156 1134 2244 [Rom.
1167 2162 1208 2238 6.,
1229 2156 1305 2244 21.)
1330 2161 1511 2223 Testantur
1542 2158 1622 2221 heck

335 2253 446 2331 inopie
471 2270 656 2331 pauperum
680 2247 871 2329 frequenter
902 2251 1074 2312 sublevate
1099 2252 1141 2311 ab
1171 2271 1219 2328 ea,
1253 2270 1397 2330 quorum
1429 2250 1622 2331 indigenciis

334 2351 370 2402 ut
387 2349 492 2402 mater
508 2340 766 2419 obsequebatur,
790 2340 971 2401 esurientes
988 2340 1087 2413 alens
1113 2341 1271 2403 sicientes
1295 2334 1500 2416 refocillans,¹
1528 2359 1621 2419 pere·

334 2434 447 2513 grinos
464 2440 497 2490 et
515 2449 639 2510 egenos
660 2429 864 2490 vestimentis
879 2439 1005 2509 tegens,
1031 2429 1213 2493 Testantur
1235 2432 1340 2493 eciam
1364 2430 1474 2491 clerici
1493 2422 1524 2512 [l.
1542 2426 1622 2509 27⁰}

336 2540 422 2599 quos
447 2521 568 2580 devota
592 2526 727 2579 mente¹11
743 2537 804 2579 ceu
821 2527 918 2578 natos
936 2519 1091 2597 proprios
1115 2521 1330 2598 procurabat.
1357 2516 1493 2582 Cunctis
1510 2519 1622 2589 ,eciam

336 2609 397 2669 hiis
421 2608 593 2669 silentibus
616 2615 781 2668 testantur
805 2625 882 2668 case
909 2606 1039 2681 Christi,
1071 2628 1154 2687 quas
1186 2610 1324 2671 diversis
1357 2610 1471 2670 ditavit
1502 2609 1622 2686 opibus

335 2703 406 2760 auri
431 2699 654 2778 argentique,¹¹
673 2716 738 2758 non
763 2704 800 2757 ut
824 2697 1026 2776 quibusdam
1050 2702 1152 2760 moris
1177 2709 1234 2775 est,
1261 2720 1305 2761 ex
1323 2699 1445 2777 rapinis
1469 2697 1519 2757 vel
1544 2698 1617 2757 sub·

336 2789 464 2848 stancia
488 2787 664 2867 egentium,
688 2785 747 2845 sed
772 2786 815 2846 de
839 2786 901 2847 sibi
931 2787 1051 2848 collata
1077 2808 1095 2848 a
1120 2788 1186 2849 deo
1211 2789 1412 2852 substancia.
1438 2786 1494 2848 Pia
1522 2796 1622 2864 atque

337 2883 509 2938 mansueta
533 2877 566 2935 in
584 2877 721 2948 cunctis,
746 2878 969 2956 omnibusque
994 2876 1220 2939 benivolencie
1245 2877 1406 2940 fructibus
1431 2875 1566 2954 repleta,
1591 2878 1622 2936 in

337 2966 527 3026 elemosinis
551 2964 651 3045 larga,
677 2966 708 3025 in
732 2965 848 3045 vigiliis
872 2985 1010 3043 pernox,
1034 2967 1066 3027 in
1091 2968 1248 3029 oracione
1272 2968 1402 3041 devota,
1428 2969 1460 3026 in
1485 2966 1624 3026 caritate

337 3054 494 3132 perfecta,
519 3056 551 3114 in
568 3054 752 3115 humilitate
776 3053 921 3132 profusa,
937 3055 971 3115 in
987 3056 1156 3136 obsequiis
1180 3076 1352 3119 servorum
1369 3056 1423 3117 dei
1440 3055 1624 3115 succincta⁰

336 3154 475 3217 tantum,
493 3153 529 3203 ut
545 3144 666 3221 quibus
692 3142 807 3204 diurne
823 3144 905 3205 lucis
922 3145 1085 3206 solacium
1110 3146 1244 3208 minime
1269 3145 1468 3223 adimplerep
1491 3144 1624 3218 valeret,

338 3235 445 3296 noctis
468 3236 500 3294 in
525 3233 662 3293 latibulo
689 3233 950 3295 domesticorum
975 3254 1034 3312 per
1058 3254 1177 3297 manus
1209 3235 1333 3297 solacia
1358 3234 1501 3313 allegare
1527 3234 1623 3294 desu-

337 3326 442 3397 daret,
467 3321 705 3402 ewangelicum
730 3323 870 3400 implens
895 3322 984 3399 illud,
1010 3342 1077 3402 quo
1093 3325 1225 3386 iubetur
1240 3332 1387 3406 agapenq
1411 3341 1510 3405 agere
1532 3323 1624 3402 igno-

340 3421 434 3473 rante
459 3412 590 3473 sinistra
613 3422 738 3485 nostra,
762 3413 855 3489 quidr
883 3410 983 3474 faciat
1008 3414 1138 3474 dextra.
1169 3413 1298 3475 Verum
1323 3421 1443 3475 cuncta
1467 3413 1623 3471 virtutum

339 3504 410 3564 eius
433 3500 572 3580 insignia
606 3503 682 3562 stilo
707 3502 733 3562 si
757 3520 919 3563 conemur
950 3503 1141 3584 depingere,
1173 3503 1232 3564 lux
1265 3504 1382 3565 diurna
1416 3502 1515 3563 nobis
1546 3509 1623 3561 ante

339 3593 472 3653 deficiet
495 3609 596 3668 quam
623 3590 751 3671 pagina.
785 3590 828 3651 Et
851 3591 989 3670 quidem
1014 3595 1112 3654 ianua
1136 3593 1258 3654 domus
1283 3595 1353 3654 eius
1377 3600 1477 3654 nocte
1502 3590 1623 3669 dieque
1724 3637 1727 3642 .

339 3682 429 3742 omni
453 3680 637 3741 transeunti
663 3684 778 3757 patuit,
811 3683 854 3741 ita
878 3691 916 3742 ut
940 3701 1014 3741 cum
1042 3683 1141 3742 beato
1167 3682 1227 3743 Iob
1253 3682 1460 3761 proclamare
1484 3680 1625 3740 valeret:

339 3769 483 3832 Ostiums
509 3787 618 3829 meum
642 3771 759 3830 viatori
784 3773 891 3846 patuit
916 3764 1001 3852 [Job.
1018 3772 1080 3847 31,
1104 3765 1180 3853 32.],
1205 3771 1322 3833 oculus
1347 3769 1391 3831 lui
1409 3788 1491 3830 ceco
1516 3776 1550 3829 et
1566 3787 1625 3845 pes

339 3860 460 3921 claudo
487 3854 572 3941 [Job.
599 3854 725 3941 2915]
757 3892 792 3901 —
820 3867 925 3920 mater
949 3859 1186 3940 orphanorum,
1209 3861 1383 3921 viduarum
1408 3858 1625 3931 consolatrix,

338 3950 524 4010 vinctorum
541 3967 600 4008 seu
613 3958 860 4010 carceratorum
873 3948 1039 4010 indelessa
1052 3952 1217 4011 visitatrix
1229 3958 1263 4010 et
1279 3953 1311 4011 in
1325 3951 1454 4011 cunctis
1467 3947 1626 4024 operibus

340 4039 485 4117 perfecta
511 4040 615 4097 bonis¹

431 4127 540 4207 Igitur.
577 4126 635 4187 utit
673 4127 915 4206 prelibavimus,
952 4147 1028 4189 curn
1064 4127 1213 4207 prefatus
1248 4128 1318 4190 dux
1348 4125 1564 4189 Wratizlausu
1593 4126 1625 4185 in

342 4235 443 4296 regno
476 4215 586 4277 fratris
618 4218 666 4277 sui
698 4215 845 4278 defuncti
874 4218 1080 4295 succederet,
1116 4219 1246 4280 firmato
1271 4236 1373 4298 regno
1398 4214 1568 4277 basilicam
1593 4217 1625 4273 in

431 4406 458 4474 a)
478 4408 550 4473 Kap.
576 4406 760 4459 Wrathislau.
789 4405 842 4459 Un.
870 4407 896 4460 b.
926 4406 1115 4475 Wratyslaus.
1143 4406 1172 4475 b)
1200 4407 1254 4461 Un.
1283 4407 1470 4475 dignoscitur.
1500 4405 1526 4471 c)
1554 4404 1625 4472 Kap.

341 4479 496 4533 hominurn.
518 4477 544 4547 e)
565 4479 618 4530 Un.
638 4478 757 4531 Zcodor.
782 4476 805 4547 f)
825 4478 897 4543 Kap.
917 4479 1075 4546 prophetas
1095 4493 1160 4545 que.
1180 4479 1208 4547 g)
1228 4478 1300 4544 Kap.
1320 4478 1502 4530 Wenceslau.
1522 4475 1553 4545 h)
1572 4476 1626 4528 Un.

342 4552 512 4605 Boleslaum.
541 4550 562 4605 il
582 4549 634 4602 Un.
654 4552 773 4603 viduata
797 4551 957 4615 (opraveno
983 4552 1025 4602 asi
1050 4567 1064 4602 z
1085 4551 1164 4616 tur).
1193 4549 1246 4603 Un.
1266 4551 1293 4604 b.
1313 4551 1409 4602 vidua.
1438 4550 1468 4614 k)
1488 4548 1540 4600 Un.
1564 4549 1626 4601 hoc.

342 4622 360 4692 1)
381 4621 625 4689 Kaprefocilans.
646 4622 685 4689 m)
705 4622 759 4674 Un.
779 4623 870 4674 nemzi.
890 4620 919 4690 n)
939 4621 991 4673 Un.
1013 4622 1074 4674 auri
1094 4629 1123 4672 et
1142 4622 1261 4688 argenti.
1281 4633 1311 4674 οι
1340 4621 1410 4687 Kap.
1430 4621 1568 4673 succinta.
1598 4617 1626 4688 p)

341 4696 414 4748 Bod.
440 4694 616 4759 impendere.
645 4694 675 4764 q)
704 4693 757 4745 Un.
783 4709 912 4763 agapem.
941 4693 964 4760 r)
984 4692 1038 4745 Un.
1066 4694 1154 4762 quod.
1180 4692 1205 4761 s)
1225 4692 1278 4747 Un.
1304 4694 1440 4746 hostium.
1472 4691 1495 4757 t)
1515 4690 1566 4742 Un.
1587 4698 1626 4742 ut.

342 4766 373 4829 u)
396 4766 469 4832 Kap.
489 4765 680 4832 Wrathislau;
700 4765 754 4817 Un.
775 4767 801 4817 b.
821 4765 1010 4833 Wratyslaus.
