3917 5742
871 666 1007 735 Kapitola
1026 668 1116 721 osmt.
1586 672 1636 721 159

350 850 402 911 26.
427 844 493 934 31.]
519 850 608 912 Ecce
632 856 754 926 autem,
778 851 855 910 dum
882 850 924 911 ad
960 849 1171 924 narrandum,
1207 859 1332 928 quanta
1366 850 1413 910 ira
1438 857 1471 910 et
1493 849 1636 911 vindicta

351 940 476 1001 domini
502 940 616 1000 hostes
640 940 813 1014 exarserit,
837 938 931 1001 stilus
956 937 1119 1015 procedit,
1145 940 1298 1000 virtutem
1322 949 1355 999 et
1378 938 1539 1000 mirabilia
1557 940 1636 1001 divi·

349 1029 462 1090 nitatis
487 1027 660 1107 predicare
684 1027 875 1108 compellor,
901 1028 958 1108 qui
981 1046 1115 1105 semper
1138 1029 1336 1090 iustissimus
1361 1028 1448 1089 ultor
1472 1029 1577 1102 adest,
1601 1037 1638 1090 ut

350 1138 397 1187 ea,
422 1136 486 1197 que
512 1118 606 1178 olim⁸
628 1119 837 1197 promiserat,
863 1116 970 1177 fidelis
987 1135 1139 1193 sponsor,
1163 1117 1298 1194 impleat
1308 1112 1331 1178 :b
1354 1117 1464 1193 Michi,
1489 1120 1543 1187 ait,
1568 1120 1636 1179 vin-

350 1207 464 1283 dicta,c
486 1216 518 1267 et
543 1224 605 1285 ego
623 1206 815 1267 retribuam.
842 1202 953 1287 [Rom.
980 1207 1031 1266 12.
1060 1204 1121 1284 19]
1148 1204 1225 1268 Pars
1250 1208 1337 1267 enim
1366 1206 1505 1280 illorum,
1530 1207 1586 1287 qui
1603 1208 1637 1267 in

350 1305 503 1358 sanctum
528 1291 598 1356 deid
620 1295 746 1357 crudeli
778 1297 890 1356 animo
923 1303 1206 1357 consurrexerunt
1231 1295 1280 1356 vel
1313 1296 1368 1375 qui
1400 1294 1474 1357 solo
1499 1314 1636 1357 assensu

349 1386 529 1463 participes
553 1384 686 1446 sceleris
702 1385 784 1445 tanti
809 1385 1001 1458 extiterunt,
1018 1404 1037 1445 a
1055 1384 1219 1446 demoniis
1243 1384 1412 1464 exagitati,
1429 1403 1487 1463 per
1504 1383 1638 1446 deserta

348 1471 520 1555 fugientes,
544 1472 722 1535 miserabili
739 1482 773 1534 et
792 1473 892 1556 digna
916 1481 1024 1534 morte
1049 1472 1187 1549 multati,
1202 1472 1339 1534 ulterius
1355 1493 1422 1534 non
1441 1492 1638 1553 comparue-

349 1572 435 1639 runt,
458 1582 535 1640 pars
559 1562 652 1624 arida
676 1574 710 1625 et
733 1564 821 1624 sicca
845 1581 951 1643 usque
976 1561 1020 1623 ad
1045 1562 1212 1624 interitum
1229 1562 1417 1639 permansit.
1443 1560 1508 1623 Alii
1525 1571 1637 1624 autem

309 1660 321 1678 ‘
350 1671 394 1712 ex
419 1653 466 1712 eis
490 1651 648 1713 latrantes
665 1652 802 1714 rictibus
825 1660 863 1713 ut
879 1671 978 1714 canes
998 1662 1031 1712 et
1045 1651 1224 1714 stridentes
1243 1650 1399 1712 dentibus
1415 1653 1536 1713 mortui
1552 1661 1638 1730 sunt,

348 1741 523 1820 omnisque
540 1759 656 1802 eorum
672 1744 860 1821 prosapiese
883 1749 977 1802 eruta
996 1740 1162 1817 radicitus,
1185 1747 1222 1801 ut
1237 1739 1281 1801 ita
1293 1739 1409 1801 fatear.
1434 1738 1469 1802 Si
1486 1741 1541 1821 qui
1559 1761 1637 1803 vero

349 1838 538 1909 supersunt,
563 1830 802 1909 stipendiorum
835 1830 899 1892 sibi
931 1831 1054 1890 victum
1078 1828 1229 1890 manibus
1261 1831 1427 1909 queritant
1450 1825 1637 1911 propriis.¹)

439 1918 614 1998 Requievit
638 1937 760 1998 corpus
784 1921 875 1980 beati
898 1920 1052 1996 martyris
1074 1919 1106 1980 in
1132 1918 1274 1978 ecclesia
1298 1926 1489 1980 sanctorum
1516 1915 1638 1982 Cosme

349 2018 382 2068 et
407 2007 560 2070 Damiani
585 2008 758 2069 humatum
783 2027 843 2086 per
866 2018 934 2069 tres
958 2027 1075 2070 annos.
1101 2007 1222 2069 Postea
1246 2014 1357 2069 autem
1382 2007 1564 2069 revelatum
1589 2019 1640 2071 est

349 2097 551 2175 quibusdam
576 2098 678 2158 servis
701 2096 764 2173 dei,
788 2107 825 2159 ut
849 2096 1007 2159 eumdem
1032 2097 1086 2159 dei
1111 2115 1242 2158 servum
1267 2117 1286 2156 a
1311 2094 1387 2157 loco
1411 2097 1580 2174 sepulture
1605 2101 1638 2159 in

349 2186 522 2248 basilicam
546 2184 762 2249 transferrent
783 2187 889 2248 sancti
903 2187 973 2248 Viti
998 2186 1159 2263 martyris,
1184 2203 1285 2264 quam
1310 2187 1341 2246 in
1366 2187 1543 2264 metropoli
1561 2186 1638 2248 Pra-

348 2277 441 2359 gensi
464 2277 531 2338 deo
555 2286 692 2338 auctore
717 2297 736 2337 a
760 2275 981 2338 fundamento
1011 2283 1246 2337 construxerat
1264 2284 1296 2334 et
1313 2276 1518 2337 ornamentis
1535 2276 1638 2338 eccle·

351 2366 491 2426 siasticis
522 2366 673 2443 adprime
698 2366 926 2440 decoraverat,
949 2366 983 2426 in
1007 2383 1071 2443 qua
1096 2362 1284 2443 aliquando,
1309 2364 1389 2426 dum
1412 2365 1638 2441 fabricaretur,

351 2454 601 2516 deambulando
636 2455 761 2515 dixisse
795 2454 899 2516 fertur
935 2474 1064 2515 versum
1099 2452 1351 2532 psalmigraphi:
1400 2452 1473 2515 Hec
1508 2456 1638 2534 requies

351 2564 426 2605 mea
451 2546 484 2605 in
508 2543 656 2604 seculum
681 2543 793 2605 seculi.
835 2538 898 2625 [Ps.
927 2546 999 2606 131.
1026 2536 1088 2625 14.]
1130 2541 1174 2603 Et
1198 2543 1263 2602 hoc
1288 2541 1331 2602 ad
1355 2541 1489 2604 laudem
1514 2552 1548 2605 et
1570 2544 1637 2624 glo-

352 2634 434 2694 riam
458 2634 601 2694 nominis
625 2634 675 2693 sui
699 2641 733 2693 et
757 2631 801 2694 ad
825 2631 1066 2694 declarandum
1091 2632 1180 2693 beati
1204 2632 1262 2691 viri
1294 2632 1448 2692 meritum
1481 2633 1555 2711 pius
1579 2634 1638 2694 do·

353 2722 461 2782 minus
486 2721 556 2782 fieri
581 2722 736 2802 dignatus
760 2729 819 2792 est,
844 2741 911 2802 quo
936 2721 1007 2783 sole
1032 2720 1152 2783 clarius
1177 2720 1304 2781 cunctis
1330 2727 1460 2796 pateret
1475 2722 1637 2801 gentibus,

352 2810 444 2890 quod
469 2811 553 2871 deus
577 2811 791 2889 omnipotens
814 2812 904 2892 genti
929 2810 1165 2885 Bohemorum,
1188 2810 1254 2869 iam
1279 2809 1406 2871 dudum
1432 2810 1473 2870 ad
1498 2829 1534 2871 se
1559 2830 1638 2871 con·

352 2918 454 2974 verse,
490 2917 648 2980 magnum
684 2920 744 2961 sua
782 2903 907 2979 pietate
943 2909 1122 2977 patronum
1161 2906 1382 2976 preparasset,
1420 2899 1637 2962 confirmante

352 2988 530 3065 scriptura:
563 2989 640 3067 quia
663 2992 697 3051 in
722 2990 812 3050 omni
835 2997 944 3070 gente,
970 2983 1003 3070 [f.
1028 2982 1096 3071 33b]
1123 2989 1178 3067 qui
1201 2990 1297 3049 timet
1321 3006 1398 3047 eum
1423 2997 1456 3049 et
1480 2997 1637 3065 operatur

352 3078 526 3153 iusticiam,
552 3086 711 3156 acceptus
735 3086 786 3139 est
808 3078 861 3152 illi,
885 3076 972 3155 [Act.
1001 3078 1050 3139 10.
1075 3072 1130 3157 35]
1164 3085 1198 3137 et
1221 3078 1314 3157 quia:
1344 3078 1402 3137 ubi
1434 3076 1638 3139 habundavit

353 3166 509 3228 delictum
534 3168 841 3245 superhabundavit
864 3176 897 3226 et
920 3167 1041 3247 gracia.
1068 3160 1175 3249 [Rom.
1201 3165 1230 3226 5.
1256 3158 1321 3247 2Ο.]

443 3255 628 3318 Nunciatur
652 3255 714 3317 hec
739 3254 907 3317 fratricide
930 3255 984 3329 illi,
1009 3263 1042 3316 et
1065 3256 1141 3334 quia
1158 3255 1337 3315 christiane
1361 3252 1478 3315 milicie
1496 3253 1637 3317 clamide

352 3352 425 3405 erat
448 3341 611 3421 obtectus,
636 3338 856 3424 magnalibuss
887 3346 941 3405 dei
958 3346 1112 3405 resistere
1136 3363 1204 3405 non
1228 3343 1349 3421 valenS,
1378 3346 1528 3424 quamvis
1552 3364 1636 3418 sero,

353 3433 441 3511 cepit
465 3436 585 3495 mirari.
610 3433 706 3494 Tunc
731 3434 819 3494 misit
843 3441 876 3494 et
900 3441 1002 3495 noctu
1028 3452 1150 3511 corpus
1181 3440 1332 3494 sanctum
1367 3431 1539 3494 transferri
1564 3453 1636 3511 pre·

352 3524 440 3600 cepit
464 3542 503 3584 ea
527 3523 732 3598 condicione,
757 3532 794 3585 ut
817 3525 844 3583 si
868 3532 945 3583 ante
970 3541 1124 3584 auroram
1148 3522 1180 3581 in
1204 3522 1319 3583 sedern
1336 3520 1505 3600 sepulture
1521 3532 1637 3585 sancta

351 3613 502 3673 membra
525 3612 648 3673 tradita
671 3631 740 3673 non
772 3610 920 3683 fuissent,
952 3613 1074 3691 quibus
1105 3611 1286 3671 iniunctum
1311 3608 1427 3684 fuerat,
1460 3630 1575 3673 omnes
1600 3632 1636 3674 se

351 3700 463 3781 gladio
487 3700 677 3762 multandos
701 3719 771 3761 non
785 3700 984 3762 dubitarent.
1007 3700 1183 3761 Venerunt
1205 3702 1303 3780 igitur
1319 3711 1417 3761 nocte
1433 3710 1466 3760 et
1481 3702 1633 3763 sacratis-

352 3790 472 3849 simum
496 3808 619 3867 corpus
644 3787 806 3864 auferunt,
830 3789 923 3869 quod
940 3788 1089 3866 plaustro
1107 3790 1298 3867 impositum
1315 3789 1480 3869 usquead
1499 3791 1638 3851 rivulum

352 3878 529 3956 quendam,
554 3880 609 3939 cui
625 3879 822 3940 vocabulum
840 3878 1075 3955 Rokytnyczess
1090 3886 1148 3951 est,
1172 3877 1369 3957 perducunt.
1395 3878 1438 3940 Et
1455 3898 1534 3939 ecce
1551 3900 1637 3959 aqua

352 3965 438 4027 adeo
456 3962 674 4043 excreverat,h
702 3978 738 4028 ut
762 3967 870 4029 eciam
895 3969 984 4045 ripas
1008 3986 1178 4045 superans,
1197 3977 1293 4045 prata
1310 3972 1422 4029 omnia
1447 3981 1638 4047 occuparet,
1657 3958 1774 4024 Ἑῡῃῒθὸ,

353 4061 386 4115 et
409 4054 508 4115 nichil
533 4064 643 4134 preter
668 4067 810 4118 mortem
835 4059 907 4134 spei
931 4057 1036 4118 dabat
1060 4074 1183 4134 corpus
1208 4066 1358 4118 sanctum
1383 4056 1636 4120 advehentibus.
1668 4032 1686 4094 ¹¹
1707 4036 1767 4083 221.

352 4139 420 4204 Sed
436 4143 492 4205 tali
516 4148 667 4225 angustia
690 4148 887 4221 constitutis
912 4146 1012 4207 menti
1037 4146 1190 4216 occurrit,
1215 4153 1251 4206 ut
1273 4148 1382 4224 ipsum
1407 4146 1467 4207 sibi
1492 4147 1639 4207 misereri

352 4231 574 4310 deposcerent
598 4236 733 4296 beatum
753 4234 998 4308 Wenceslaum,
1023 4236 1132 4312 previe
1150 4236 1206 4314 qni
1223 4234 1310 4295 idem
1327 4244 1458 4312 martyr,
1483 4246 1519 4296 ut
1535 4245 1638 4296 trans·

351 4318 499 4398 ferretur,
533 4322 803 4403 frequentissimis
827 4324 1092 4385 revelacionibus
1115 4322 1285 4401 declarare
1310 4323 1465 4405 dignatus
1489 4318 1573 4399 est;i
1605 4333 1638 4386 et

441 4498 468 4563 a)
483 4497 535 4550 Un.
555 4496 641 4565 olym.
661 4498 691 4560 b)
704 4496 758 4550 Un.
771 4498 935 4564 adimpleat.
955 4498 982 4559 c)
997 4495 1048 4549 Un.
1063 4495 1192 4549 vindicta
1205 4498 1252 4550 ait.
1272 4498 1303 4560 d)
1318 4496 1371 4550 Un.
1387 4496 1505 4551 domini.
1525 4497 1552 4566 e)
1568 4498 1638 4567 Kap,

352 4570 493 4634 prosapia.
524 4564 708 4634 flPfivodne
737 4570 885 4640 magnalia.
917 4567 946 4639 g)
971 4568 1036 4621 Tak
1055 4568 1135 4621 brev.
1159 4566 1252 4634 Opav.
1271 4568 1343 4633 Kap.
1374 4570 1434 4623 ma:
1463 4569 1637 4622 Roczitzina.

352 4638 382 4708 h)
397 4639 534 4706 Pfipstno
547 4641 576 4693 in
589 4656 691 4709 marg.;
711 4656 729 4691 v
742 4648 840 4694 textu:
860 4648 1042 4694 exercuerat.
1062 4639 1081 4707 i)
1095 4639 1242 4709 Nasleduji
1254 4639 1307 4691 zde
1318 4641 1493 4709 konjektury
1511 4642 1535 4692 P.
1550 4640 1637 4693 Atha·

352 4726 430 4764 uase.
445 4710 576 4780 Rukopis
590 4714 649 4766 ma:
670 4713 747 4766 beati
761 4712 924 4765 Wenceslai
938 4714 1083 4777 precibus,
1104 4719 1136 4763 ut
1149 4712 1199 4779 qui
1212 4712 1288 4764 idem
1302 4719 1411 4780 martyr
1423 4711 1638 4764 transferretur.

445 4782 464 4847 ¹)
485 4784 543 4837 Zde
562 4782 651 4836 konci
668 4798 701 4835 se
721 4784 778 4837 oba
796 4783 870 4854 rkpy
890 4784 1069 4837 universitni.
