3917 5742
352 653 404 703 160
716 652 738 720 J.
759 650 862 704 Pekai:
881 649 1020 720 Nejstarsi
1039 652 1162 705 kronika
1180 651 1274 705 desita.

350 831 480 894 dicunt:
513 834 543 896 O
568 834 666 894 beate
690 833 811 903 martir,
843 834 921 914 quia
944 842 1001 895 tue
1025 833 1163 895 iussioni
1197 833 1320 895 devota
1344 843 1457 897 mente
1481 834 1638 897 obedirea

350 924 549 997 studuimus,
573 941 661 984 nunc
686 940 803 984 omnes
827 921 937 984 hostili
961 922 1073 1004 gladio
1099 923 1257 1001 puniendi
1281 923 1451 985 tradimur.
1477 922 1580 986 Simul
1606 936 1639 986 et

351 1011 510 1086 laborant,
536 1020 571 1073 ut
595 1030 679 1090 pons
703 1009 943 1091 qualiscunque
966 1011 1194 1073 fabricaretur.
1219 1011 1308 1074 Dum
1333 1013 1395 1074 hec
1413 1023 1562 1096 aguntur,
1588 1034 1636 1074 re·

351 1102 535 1180 spicienteS,
572 1102 683 1163 subito
721 1100 833 1161 vident
864 1120 901 1162 se
932 1102 1182 1181 plaustrumque
1214 1120 1289 1162 curn
1321 1120 1464 1180 corpore
1497 1104 1637 1179 preciosi

350 1190 504 1266 martyris
527 1209 566 1251 ea
590 1199 683 1270 parte
709 1188 806 1261 fluvii,
832 1207 898 1269 qua
921 1190 968 1251 ire
994 1185 1236 1269 disposuerant,
1261 1192 1469 1253 constitutos.

439 1278 539 1357 Quod
574 1278 726 1340 videntes
762 1281 867 1339 sancti
904 1279 1059 1356 martyris
1098 1280 1246 1356 ministri,
1288 1278 1388 1340 deum
1424 1294 1456 1341 et
1481 1290 1633 1342 sanctum

349 1387 447 1430 suum
472 1388 554 1428 voce
578 1368 696 1450 grandi
721 1377 753 1428 et
769 1378 842 1428 toto
867 1368 971 1429 corde
997 1368 1194 1445 collaudant,
1219 1369 1274 1448 qui
1298 1367 1441 1431 famulos
1466 1388 1554 1445 su05,
1578 1370 1637 1431 tali

350 1457 539 1520 discrimine
564 1459 701 1536 positos,
725 1457 851 1534 potenti
876 1467 945 1519 tam
971 1460 1090 1518 virtute
1115 1456 1318 1520 liberaverat.
1344 1456 1431 1519 Hinc
1456 1460 1562 1538 pietas
1579 1459 1637 1520 do·

349 1548 436 1620 mini,
460 1548 613 1608 meritum
639 1542 739 1607 servib
768 1546 823 1608 tali
855 1549 1015 1608 miraculo
1041 1546 1154 1625 patuit,
1188 1547 1262 1608 hinc
1295 1547 1398 1628 gloria
1422 1548 1475 1609 dei
1504 1556 1536 1608 et
1561 1548 1637 1609 hinc

348 1638 449 1697 virtus
474 1637 626 1712 martyris
650 1635 846 1708 declaratur,
870 1636 950 1697 dum
975 1643 1008 1697 et
1032 1655 1155 1714 corpus
1179 1636 1277 1716 digna
1301 1636 1523 1699 translacione
1539 1656 1636 1698 vene·

346 1734 446 1794 ratur,
469 1734 503 1786 et
526 1728 744 1804 exequiarum
770 1728 841 1787 eius
866 1725 968 1787 baiuli
991 1725 1050 1787 tali
1074 1728 1192 1787 virtute
1217 1735 1293 1787 sunt
1317 1725 1456 1788 liberati.
1496 1725 1551 1787 Ad
1577 1725 1636 1787 flu·

347 1816 434 1876 vium
460 1833 594 1894 quoque
620 1823 838 1892 properantes
859 1813 1001 1890 Wltave,
1025 1824 1161 1893 pontem
1185 1812 1326 1877 fractum
1352 1818 1564 1893 reperientes,
1588 1816 1635 1876 in·

348 1907 543 1984 gemiscunt,
567 1908 704 1981 insuper
729 1912 761 1963 et
785 1907 914 1983 gravari
938 1915 1100 1981 ceperunt
1131 1923 1170 1963 ac
1195 1906 1332 1965 omnino
1358 1922 1433 1965 eum
1458 1903 1635 1966 sustollere

347 2012 414 2054 non
451 1991 608 2065 valentes,
646 2012 757 2053 rursus
791 1993 947 2069 precibus
984 1995 1149 2066 insistunt,
1187 2012 1254 2072 quo
1291 1996 1339 2055 eis
1375 1993 1471 2055 solita
1508 1996 1635 2072 pietate

347 2094 561 2156 succurreret,
598 2101 640 2142 ne
674 2084 776 2143 vitam
813 2090 1003 2159 presentem
1028 2085 1225 2155 amitterent,
1262 2085 1422 2160 quoniam
1448 2082 1633 2144 secundum

348 2170 495 2232 edictum
520 2173 679 2250 principis
702 2170 906 2251 gallicinium
931 2174 1129 2232 matutinum
1154 2172 1327 2233 transibat.
1361 2171 1445 2233 Mox
1469 2190 1504 2231 se
1529 2190 1634 2232 exau·

348 2262 438 2322 ditos
463 2263 638 2333 intuentes,
667 2259 845 2320 sustollunt
868 2278 945 2320 eum
970 2260 1125 2333 humeris,
1162 2280 1201 2321 ac
1226 2264 1254 2322 si
1277 2259 1320 2322 nil
1346 2264 1456 2322 oneris
1489 2280 1634 2341 unquam

347 2349 530 2423 habuisset,
555 2359 759 2427 pontemque
784 2348 925 2410 fractum
943 2351 1014 2411 sine
1032 2350 1208 2410 obstaculo
1226 2352 1384 2412 transisse
1400 2369 1436 2411 se
1452 2357 1633 2429 gratantur.

346 2439 522 2500 Venerunt
545 2442 645 2519 igitur
668 2440 739 2499 sine
764 2437 877 2517 aliquo
902 2438 1078 2499 obstaculo
1103 2447 1161 2499 aut
1183 2440 1424 2517 impedimento
1453 2438 1496 2499 ad
1514 2439 1634 2513 locum,

346 2547 445 2606 quem
478 2529 542 2590 sibi
575 2528 654 2589 olim
688 2537 823 2588 sanctus
857 2536 1102 2603 preparaverat.
1127 2526 1221 2589 Tunc
1253 2547 1387 2607 quoque
1413 2547 1558 2589 accenso
1585 2528 1631 2589 lu·

347 2620 437 2678 mine
462 2620 639 2692 intuentes,
666 2617 818 2677 viderunt
843 2634 967 2692 corpus
992 2619 1063 2677 eius
1088 2619 1250 2697 integrum
1284 2627 1317 2678 et
1349 2620 1462 2679 omnia
1486 2616 1633 2679 wulnera

346 2709 418 2767 eius
442 2718 567 2780 sanata,
594 2717 698 2783 preter
728 2706 855 2766 wulnus
879 2705 959 2767 illud
985 2724 1097 2783 unum,
1122 2707 1213 2785 quod
1239 2705 1340 2768 frater
1364 2710 1437 2768 eius
1473 2706 1629 2768 crudelis·

347 2798 452 2857 simus
483 2798 584 2873 capiti
616 2799 688 2858 eius
720 2793 896 2856 inflixerat.
936 2794 980 2856 Et
1004 2794 1140 2874 quidem
1165 2799 1316 2873 quamvis
1341 2802 1472 2856 sanumc
1496 2792 1634 2869 foret,a

346 2885 482 2964 reliquis
514 2895 624 2945 tamen
658 2885 804 2947 distabat
839 2883 926 2944 velut
961 2884 1109 2962 quodam
1146 2885 1223 2945 limo
1260 2884 1337 2945 albo
1372 2888 1447 2946 nive
1477 2879 1632 2959 tectum,d

346 2972 437 3052 quod
463 2974 567 3034 eciam
592 2974 791 3035 studuerunt
815 2974 958 3047 abluere,
983 2973 1158 3052 simileque
1183 2972 1316 3052 reliquis
1341 2976 1505 3051 apparuit.

438 3061 472 3122 ln
498 3063 618 3124 eadem
641 3083 719 3124 vero
745 3056 857 3142 hora¹)
882 3061 990 3123 ierunt
1005 3064 1089 3124 inter
1113 3063 1258 3140 reliquos
1290 3064 1441 3123 eiusdem
1465 3062 1633 3143 sepulture

347 3160 582 3229 procuratores
617 3152 786 3231 quendam
810 3151 1008 3212 venerabilis
1037 3153 1101 3212 vite
1126 3151 1259 3213 affuisse
1284 3151 1448 3226 clericum,
1477 3154 1534 3231 qui
1558 3151 1633 3212 huic

345 3249 471 3315 sancte,
495 3241 576 3302 dum
601 3242 664 3302 hac
681 3240 763 3302 lucis
779 3242 845 3301 vita
860 3241 1066 3318 pociebatur,
1084 3243 1210 3301 amicus
1226 3241 1403 3302 fidissimus
1427 3243 1631 3302 nectebatur.

346 3327 413 3408 Qui
430 3350 552 3407 corpus
576 3331 819 3391 sanctissimum
844 3329 924 3390 dum
948 3348 1007 3406 per
1027 3330 1176 3410 singulos
1200 3331 1349 3409 palparet
1372 3329 1472 3404 artus,
1498 3347 1633 3390 manum

346 3422 460 3495 sancti,
485 3420 696 3480 lacrimarum
730 3420 834 3479 imbre
870 3417 1022 3496 perfusus
1058 3420 1171 3493 oculis,
1206 3421 1321 3479 manui
1355 3438 1413 3479 sue
1443 3419 1632 3497 inpositam

346 3509 460 3569 leviter
483 3516 623 3589 unguese
649 3511 754 3585 ipsius
779 3503 1001 3578 attrectabat,s
1027 3527 1071 3569 ex
1095 3509 1216 3586 quibus
1240 3526 1343 3569 unum
1361 3506 1566 3569 vacillantem
1584 3525 1632 3567 re·

348 3600 489 3675 periens,
521 3599 697 3658 lacrimosa
726 3598 768 3659 ad
793 3597 904 3658 socios
934 3616 1017 3658 voce
1041 3596 1206 3676 profatur:
1239 3596 1483 3671 Peccatoribus,
1517 3598 1630 3675 inquit,

345 3707 385 3748 ve
409 3687 515 3762 nobiS,
550 3689 708 3766 quoniam
748 3688 958 3764 corrupcioni
1000 3688 1146 3748 cernitur
1181 3686 1372 3765 proximum
1410 3685 1481 3747 fore
1523 3704 1632 3746 sacra-

345 3778 508 3837 tissimum
545 3796 667 3854 corpus
698 3776 772 3837 hoc.
814 3773 903 3836 Ecce
939 3778 1028 3836 enim
1059 3785 1093 3836 et
1123 3776 1306 3836 titubantes
1340 3785 1460 3853 parent
1494 3792 1632 3855 ungues.

346 3863 456 3943 Quem
470 3860 501 3947 [f.
519 3859 589 3946 34⁶]
608 3864 725 3944 reliqui
749 3866 973 3941 increpantes:
1000 3863 1122 3943 Quare,
1144 3864 1305 3943 inquiunt,
1329 3862 1437 3940 irater,
1461 3864 1539 3924 talia
1556 3882 1631 3940 pro·

345 3954 430 4028 saris,
448 3975 486 4015 ac
503 3955 671 4015 intellectu
688 3954 802 4030 capaci
820 3953 901 4014 haut
924 3956 1097 4032 prospicis
1114 3953 1205 4033 quod
1223 3954 1433 4014 obedicionis
1449 3962 1505 4013 tue
1522 3972 1632 4025 causa,

346 4064 411 4123 qua
439 4041 614 4116 fervebas,⁸
639 4043 794 4121 reliquias
818 4044 879 4104 tibi
903 4044 953 4103 sui
978 4044 1129 4120 corporis
1153 4044 1303 4121 inpartiri
1327 4036 1478 4119 cupiat?h
1509 4040 1556 4103 At
1578 4040 1633 4101 ille

346 4151 459 4214 pugno
492 4141 609 4210 pectus
644 4132 805 4193 tundens:
842 4131 941 4207 Vere,
964 4131 1079 4210 inquit,
1113 4150 1196 4206 vere,
1232 4140 1266 4192 et
1290 4134 1447 4193 existimo
1473 4130 1544 4192 fore
1575 4130 1630 4191 ita.

437 4342 464 4409 a)
484 4341 571 4394 Slovo
590 4347 620 4394 to
633 4341 739 4394 vklada
759 4340 786 4394 P.
802 4341 937 4393 Athanas.
958 4340 985 4392 V
998 4340 1060 4405 rkp.
1081 4340 1155 4392 neni.
1175 4340 1205 4406 b)
1224 4340 1270 4392 Ma
1288 4340 1360 4393 snad
1380 4340 1454 4409 byti:
1474 4340 1511 4391 ad
1531 4340 1632 4393 merita

345 4414 446 4466 sancti.
468 4419 493 4473 c)
508 4413 581 4481 Rkp.
600 4428 695 4464 sanus.
715 4412 746 4476 d)
760 4411 833 4478 Rkp.
847 4412 965 4478 quidam
976 4453 982 4463 .
995 4453 1017 4463 ..
1039 4420 1136 4464 tectus
1152 4427 1167 4463 a
1182 4412 1245 4464 niie
1265 4412 1372 4463 similis.
1393 4413 1419 4478 e)
1435 4409 1499 4463 Oba
1518 4411 1630 4479 rkpisy:

346 4485 476 4553 ungulas,
501 4485 554 4537 ade
573 4485 581 4534 i
601 4500 619 4536 o
638 4484 675 4535 tii
693 4498 710 4534 a
729 4498 792 4534 osrn
818 4483 910 4535 iadek
936 4482 1007 4546 nile,
1033 4484 1126 4548 apak
1145 4484 1154 4535 i
1173 4499 1267 4535 unam.
1294 4482 1316 4544 l)
1338 4487 1370 4535 13
1390 4482 1416 4533 D
1435 4487 1469 4534 20
1488 4489 1630 4536 attrectat.

346 4553 374 4626 g)
389 4561 421 4607 13
434 4556 459 4607 D
469 4561 504 4607 20
517 4555 642 4608 sruebas.
660 4553 689 4623 h)
700 4553 846 4622 Nisleduji
860 4554 913 4605 zde
927 4554 1101 4622 konjektury
1112 4550 1297 4607 Bollandistii.
1312 4554 1383 4623 Rkp.
1399 4556 1444 4605 ma
1456 4572 1462 4607 z
1473 4594 1496 4607 ..
1511 4594 1516 4605 .
1532 4555 1631 4619 capaci

346 4633 396 4680 aut
415 4627 557 4694 prospicis
576 4634 627 4679 aut
646 4626 731 4679 obed.
751 4634 805 4679 etc.
824 4625 857 4678 ai
877 4626 1006 4693 inpertiri
1027 4626 1117 4691 cupis.

439 4700 458 4763 ¹)
479 4698 537 4749 Zde
556 4698 661 4837 podipa
685 4713 717 4750 se
737 4698 850 4751 zlomek
870 4698 970 4763 rkpisu
992 4701 1024 4748 13
1046 4696 1070 4747 D
1091 4702 1124 4750 20
1144 4695 1186 4766 (In
1204 4696 1277 4749 hora
1296 4710 1414 4766 quoque
1434 4696 1630 4749 translationis

346 4786 368 4822 s.
389 4769 432 4820 W.
454 4769 550 4822 ierunt
569 4777 623 4822 etc.

251 5039 385 5159 ἢ
