3917 5742
871 674 1007 741 Kapitola
1025 675 1110 728 sesti.
1582 678 1633 728 153

349 857 468 918 horum
500 857 726 930 consenciens,
758 857 1076 930 contaminabatur‚²
1106 874 1219 916 verum
1250 855 1284 917 in
1316 858 1443 918 cunctis
1468 849 1520 916 seb
1553 856 1633 918 sub·

349 947 452 1007 traxit
483 946 660 1006 occasione
694 943 782 1007 facta
806 945 963 1024 qualibet.
997 942 1157 1006 Carceres
1182 945 1356 1019 destruxit,
1383 945 1532 1023 patibula
1557 965 1632 1024 sup-

347 1035 521 1113 pliciaque,
557 1052 621 1113 que
653 1053 758 1112 usque
794 1034 920 1096 adhucc
951 1035 1080 1096 inerant
1111 1033 1155 1094 ad
1179 1027 1442 1095 excruciandosd
1472 1033 1632 1107 homines,

349 1122 496 1186 funditus
527 1142 588 1183 sua
611 1124 735 1200 pietate
759 1124 876 1185 evulsit
907 1122 1051 1202 fanaque
1084 1122 1300 1201 profanorum
1333 1132 1422 1183 terre
1446 1125 1632 1201 coequavit.

440 1212 515 1291 Qua
538 1212 704 1298 'opinione
737 1213 929 1274 christicole
961 1213 1126 1274 exhausta
1159 1211 1201 1272 ad
1235 1231 1312 1273 eum
1336 1220 1412 1274 ceue
1440 1230 1521 1289 apes
1546 1212 1633 1273 alve-

349 1305 428 1376 aria,
453 1303 531 1362 haut
555 1320 652 1362 secus
677 1303 877 1377 sacerdotes,
903 1302 1001 1363 levite
1025 1302 1224 1381 plurimique
1248 1300 1363 1362 famuli
1387 1302 1443 1362 dei
1460 1300 1633 1362 confluunt

349 1383 586 1461 Bavariorum,s
617 1388 824 1452 Swevorumg
853 1392 1058 1469 aliarumque
1083 1392 1327 1469 provinciarum
1360 1389 1452 1459 locis,
1487 1390 1633 1468 reliquiis

349 1500 425 1542 cum
438 1488 630 1541 sanctorum
648 1474 918 1559 bibliotecisqueh
939 1480 1096 1558 plurimis.
1115 1478 1262 1541 Cunctos
1276 1480 1404 1541 honore
1417 1497 1494 1540 cum
1509 1479 1632 1559 ingenti

348 1589 434 1649 quos
465 1569 650 1646 suscipiens
689 1570 868 1649 animoque
899 1572 1042 1650 gratanti
1079 1569 1291 1647 amplectens,
1329 1568 1634 1643 obsecundabatur,

348 1661 397 1720 uti
421 1658 571 1732 decebat,
594 1659 744 1720 tribuens
773 1660 931 1720 habunde
963 1659 1031 1719 auri
1065 1657 1114 1718 vel
1143 1660 1270 1737 argenti
1302 1658 1443 1735 copiam,
1475 1652 1633 1719 crusinasi

348 1749 582 1825 mancipiaque
616 1746 667 1808 vel
701 1750 900 1808 vestimenta
937 1747 1085 1807 hilariter
1119 1747 1269 1827 largiens,
1305 1748 1498 1825 cunctisque
1535 1757 1634 1824 prout

348 1855 435 1915 opus
451 1845 531 1911 erat,
556 1837 710 1910 serviens,
734 1838 896 1897 universis
921 1835 1099 1897 didascalis
1123 1836 1185 1898 hiis
1210 1838 1243 1897 in
1264 1835 1416 1897 doctrina
1437 1836 1633 1897 mirantibus

347 1926 458 2004 ipsius,
483 1934 520 1985 ut
544 1944 620 1986 cum
644 1925 815 2003 psalmista
839 1926 1046 2003 proclamare
1070 1933 1276 1986 cerneretur:
1301 1922 1410 2001 Super
1432 1942 1549 1986 omnes
1573 1923 1633 1985 do·

348 2023 461 2076 centes
485 2033 539 2075 me
562 2015 720 2089 intellexi,
744 2016 822 2093 quia
838 2015 995 2075 mandata
1019 2025 1076 2075 tua
1099 2015 1279 2075 meditacio
1304 2032 1378 2075 mea
1395 2024 1453 2075 est.
1481 2007 1544 2095 [Ps.
1560 2014 1633 2075 118.

347 2102 421 2181 99.],
445 2112 556 2164 mente
571 2103 604 2163 in
621 2106 716 2165 cuius
740 2104 812 2165 sola
837 2098 1005 2181 preciosak
1033 2104 1165 2165 claritas
1189 2103 1338 2185 fulgebat
1364 2104 1551 2183 margarite.
1573 2099 1634 2164 Cui

349 2192 455 2253 eciam
490 2191 646 2254 dominus
681 2196 815 2271 pietatis
851 2187 919 2254 suel
952 2194 1099 2273 graciam
1134 2212 1234 2272 quam
1270 2193 1446 2270 plurimam
1481 2190 1633 2252 conferre

347 2283 504 2362 dignatus
528 2290 587 2358 est,
611 2292 648 2342 ut
670 2284 704 2343 in
727 2281 877 2361 plurimis
901 2300 1036 2360 quoque
1061 2283 1165 2343 victor
1194 2280 1306 2359 preliis
1337 2282 1530 2342 existeret¹¹¹
1553 2279 1632 2340 Pro-

347 2390 444 2432 cerus
467 2372 567 2445 vultu,
583 2374 772 2432 castitatem
789 2371 1005 2446 amplectens
1030 2372 1179 2451 quamvis
1196 2371 1258 2431 hec
1274 2389 1348 2431 rara
1365 2370 1455 2431 virisn
1484 2371 1635 2430 uxoratis

347 2462 571 2533 matrimoni0,
596 2469 785 2539 presentem
807 2461 937 2521 inhians
961 2459 1054 2521 finire
1079 2460 1187 2535 vitam,
1220 2460 1380 2520 blandum
1404 2476 1534 2537 semper
1558 2477 1635 2519 cum

348 2550 484 2609 mitibus
508 2548 636 2609 habens
659 2549 872 2628 colloquium,
898 2568 975 2610 cum
999 2549 1166 2610 inmitibus
1190 2568 1268 2610 vero
1293 2559 1327 2609 et
1343 2548 1538 2628 vagantibus
1564 2567 1634 2608 cra·

348 2639 499 2717 pulisque
516 2657 575 2697 seu
592 2639 727 2717 potibus
752 2638 873 2699 deditis
888 2638 938 2699 vel
956 2658 975 2697 a
992 2638 1142 2699 doctrina
1168 2658 1226 2699 seu
1243 2639 1374 2698 tramite
1392 2648 1484 2697 recto
1501 2636 1634 2697 deviare

348 2727 566 2803 cupientibus
577 2726 649 2787 zelo
664 2746 824 2788 accensus
841 2727 961 2802 divino,
978 2730 1006 2788 si
1020 2727 1102 2788 haut
1117 2727 1190 2789 illos
1204 2726 1297 2787 aliter
1313 2726 1567 2806 apprehendere
1580 2745 1634 2786 va-

347 2817 470 2894 luisset,
480 2817 589 2876 saltim
600 2834 716 2877 mense
725 2836 783 2877 sue
793 2818 977 2877 occasionis
991 2819 1171 2878 accersitos
1182 2818 1301 2898 gracia,
1315 2815 1424 2895 flagris
1438 2814 1635 2875 verberabat

348 2904 545 2984 ingentibus,
558 2923 689 2983 semper
702 2915 816 2965 contra
829 2908 1003 2985 antiquum
1015 2906 1145 2966 hostem
1158 2917 1289 2967 scutum
1301 2923 1435 2966 sumens
1444 2902 1530 2978 fidei,
1543 2923 1634 2965 cum·

349 3012 413 3071 que
430 2990 556 3054 framea
572 2997 706 3072 spiritus
722 2996 835 3067 sancti,
860 2997 1014 3055 verbum⁰
1036 2995 1090 3054 dei
1107 2995 1198 3073 quod
1216 3005 1274 3069 est,
1299 2994 1503 3056 incessanter
1520 2997 1634 3054 aereas

349 3101 569 3162 expungnans
594 3084 708 3144 mundi
733 3084 831 3144 huius
855 3094 1048 3162 potestates.
1074 3082 1155 3145 Erat
1178 3084 1266 3145 enim
1287 3084 1357 3145 sine
1374 3084 1510 3163 querela
1527 3080 1635 3143 cultor

349 3169 471 3233 Christi
496 3190 601 3246 verus,
625 3172 748 3233 multos
772 3173 955 3252 apostolica
980 3174 1166 3234 secundum
1188 3181 1345 3251 precepta
1362 3190 1514 3253 arguens,
1539 3172 1635 3231 obse-

349 3278 454 3335 crans,
485 3261 660 3340 increpans
683 3259 857 3336 indefesse,
889 3272 1028 3323 cunctos
1051 3262 1094 3323 ad
1119 3280 1237 3323 cenam
1268 3263 1336 3322 veri
1367 3262 1508 3321 invitans
1532 3262 1636 3338 patris

349 3348 501 3423 familias,
526 3348 743 3430 faucibusque
760 3361 937 3428 exemptos
961 3349 1159 3428 adyaboli,1'
1186 3353 1313 3431 gremio
1330 3358 1444 3411 sancte
1465 3349 1636 3410 collocans

325 3485 330 3494 .
349 3439 463 3499 matris
481 3439 629 3513 ecclesie,
647 3439 766 3501 divinis
783 3440 916 3501 assidue
933 3439 1154 3501 refocillabatq
1184 3439 1354 3500 alimentis.
1374 3437 1497 3500 Gracia
1514 3437 1635 3499 deinde

350 3529 462 3589 divina
487 3527 582 3588 cordi
606 3530 676 3590 eius
700 3531 891 3607 inspirante,
914 3529 1077 3607 ternplum
1102 3529 1240 3590 domino
1264 3531 1297 3589 in
1315 3529 1443 3589 honore
1461 3529 1551 3588 beati
1566 3526 1634 3587 Viti

349 3620 516 3691 martyrisr
555 3618 702 3679 condere
737 3618 912 3696 meditans,
952 3617 1081 3700 legatos
1114 3618 1235 3699 allegat
1273 3618 1551 3697 Ratisponensem
1591 3614 1634 3677 ad

350 3705 551 3786 pontificem,
584 3709 618 3767 in
650 3708 752 3780 cuius,
785 3716 821 3768 ut
845 3708 1073 3786 prediximus,s
1101 3717 1179 3768 tunc
1211 3709 1372 3785 temporis
1405 3706 1531 3767 diocesi
1556 3724 1634 3766 con·

349 3796 462 3857 stabat
493 3794 664 3870 Bohemia,
703 3797 888 3857 secundum
928 3805 1053 3858 statuta
1093 3815 1257 3858 canonum
1297 3798 1344 3858 utt
1379 3795 1552 3856 licenciam
1591 3794 1635 3856 illi

350 3882 502 3962 pontifex
540 3886 699 3946 tribueret
746 3885 922 3947 edificandi
963 3886 1145 3960 basilicam,
1182 3885 1351 3965 inquiens:
1392 3884 1505 3944 Pateru
1541 3903 1635 3945 meus

350 3973 513 4052 templum
548 3974 685 4035 domino
717 3975 748 4035 in
781 3975 910 4036 honore
942 3975 1022 4036 olim
1053 3976 1169 4036 statuit
1201 3976 1288 4035 beati
1321 3972 1466 4053 Georgii,
1502 3982 1636 4054 egomet

350 4081 429 4123 vero
461 4062 600 4124 licencia
632 4070 725 4125 cumv
747 4074 856 4124 vestra
888 4064 1009 4125 eodem
1040 4066 1148 4144 gestio
1180 4064 1325 4125 condere
1356 4082 1449 4123 more
1482 4062 1571 4123 beati
1602 4062 1635 4123 in

349 4150 479 4213 honore
503 4149 626 4213 Christi
649 4155 819 4229 martyrisx
844 4152 923 4215 Viti.
952 4151 1082 4231 Quibus
1106 4152 1315 4214 venerandus
1340 4150 1459 4213 auditis
1476 4151 1636 4230 pontifex,

442 4360 470 4431 a)
490 4361 563 4428 Kap.
576 4361 865 4414 contamminabatur.
885 4362 915 4426 b)
929 4362 983 4414 Un.
998 4377 1062 4430 que.
1082 4360 1109 4429 c)
1122 4360 1176 4413 Un.
1195 4361 1260 4413 huc.
1280 4360 1311 4427 d)
1327 4360 1399 4428 Kap.
1418 4360 1472 4413 zde
1490 4358 1565 4427 teste
1584 4359 1636 4412 do·

351 4433 439 4486 dava:
459 4441 598 4499 tempora.
619 4435 645 4495 e)
660 4432 713 4485 Un.
727 4432 764 4485 ad
778 4434 914 4498 invicem;
933 4449 972 4500 po
986 4433 1097 4485 strand:
1118 4447 1178 4485 seu.
1198 4430 1286 4499 flUn.
1301 4432 1518 4484 Bauuariorum.
1538 4434 1566 4500 g)
1581 4431 1635 4484 Un.

351 4504 522 4557 Sueuorum.
551 4503 580 4571 h)
600 4503 653 4556 Un.
683 4504 874 4557 bibliothecis.
903 4504 923 4570 i)
943 4503 997 4556 Un.
1018 4504 1142 4556 crusina.
1170 4504 1200 4567 k)
1221 4502 1274 4555 Un.
1295 4503 1433 4571 preciose.
1463 4501 1482 4571 l)
1501 4502 1554 4555 Un.
1575 4517 1635 4554 seu.

352 4574 390 4643 m)
407 4574 476 4641 Kap.
496 4575 664 4634 exhisteret
683 4575 736 4628 Un.
749 4577 912 4628 exsisteret.
932 4575 962 4637 n)
981 4575 1053 4641 Kap.
1067 4591 1084 4627 a
1098 4575 1151 4627 Un.
1166 4576 1224 4638 vis;
1243 4572 1297 4627 Un.
1319 4574 1345 4627 b.
1366 4576 1419 4628 ius.
1440 4575 1469 4638 ο)
1484 4573 1537 4625 Uo.
1555 4573 1636 4640 quod

348 4646 472 4699 verbum
492 4645 588 4715 (noma
606 4648 663 4714 pak
681 4646 761 4712 quod
782 4662 814 4698 za
833 4647 901 4713 dei).
926 4643 956 4714 p)
975 4645 1030 4699 Un.
1049 4646 1174 4712 dyabuli.
1200 4646 1230 4712 q)
1251 4645 1322 4713 Kap.
1342 4643 1516 4698 refocilabat.
1537 4647 1561 4709 r)
1582 4644 1636 4698 Un.

352 4718 484 4770 martiris.
503 4721 528 4772 sl
548 4718 756 4780 Un.‚diximus.
783 4721 806 4783 t)
828 4719 897 4785 Kap.
912 4726 944 4770 ut
957 4732 1109 4770 canonum.
1128 4716 1158 4785 u)
1177 4715 1230 4771 Un.
1251 4716 1343 4778 Pater,
1362 4718 1504 4784 inquiens.
1532 4719 1561 4782 v)
1583 4715 1635 4769 Un.

352 4800 456 4841 tamen.
476 4788 507 4857 x)
527 4788 581 4840 Un.
600 4790 732 4841 martiris.
