3917 5742
258 533 263 582 l

336 607 368 655 16
691 599 713 667 J.
734 596 839 651 Pekai:
859 597 997 665 Nejstars‘i
1016 597 1138 650 kronika
1158 597 1252 650 desktt.

333 778 581 859 Svatoplukovi,
612 780 693 861 jeho
724 779 881 842 satellites
912 799 930 840 a
959 779 1039 860 jeho
1072 774 1243 859 aemim;¹)
1280 778 1435 855 Kristian,
1466 783 1504 840 te
1530 781 1630 857 proti

334 870 416 931 aemi
440 890 459 930 a
483 868 694 947 obyvatelitm
714 863 830 952 jejim),
854 888 890 929 se
914 871 979 931 oba
1005 887 1163 947 prameny
1186 886 1205 928 v
1230 868 1386 947 podstate
1416 867 1553 949 shodujl
1579 901 1626 912 -

334 960 414 1036 tedy
437 958 637 1021 imoravske
661 958 800 1039 legende
821 958 855 1039 je
880 958 1019 1020 Method
1051 957 1226 1034 biskupem
1247 956 1333 1036 jeste
1356 975 1394 1018 za
1419 956 1628 1036 Rostislava‚

331 1048 447 1130 jinymi
471 1048 564 1126 slovy
584 1048 664 1127 jeho
689 1056 779 1110 cesta
796 1047 841 1109 do
859 1034 954 1109 Rima
972 1068 990 1107 a
1008 1049 1122 1108 niwrat
1144 1045 1222 1124 jako
1248 1046 1389 1124 biskupa
1414 1066 1457 1109 ua
1476 1045 1626 1111 Moravu

334 1139 438 1200 naletl
457 1138 543 1217 jeste
568 1136 611 1199 do
636 1136 726 1215 doby
751 1137 989 1211 Rostislavovy.
1026 1136 1184 1216 Legenda
1209 1155 1290 1197 mor.
1314 1135 1395 1197 vsak
1426 1135 1625 1216 pokracuje‚

333 1228 522 1306 vypravujlc
545 1247 567 1289 o
591 1227 712 1305 opetne
736 1230 825 1287 ceste
852 1225 1055 1287 Metnodove
1079 1225 1124 1285 do
1148 1211 1254 1299 Rima,
1289 1227 1350 1304 pry
1374 1225 1526 1302 protelo
1551 1222 1624 1304 Cy-

335 1315 457 1390 rillovo‚
474 1336 492 1377 a
510 1317 640 1395 pokusu
655 1316 688 1395 je
703 1314 793 1394 tajne
811 1318 926 1390 unesti,
943 1335 963 1376 o
982 1315 1080 1375 litosti
1095 1312 1352 1392 Svatoplulrove,
1366 1314 1418 1395 jet
1434 1315 1624 1394 apusobila‚

334 1411 371 1467 te
389 1405 527 1468 Method
544 1403 599 1482 byl
616 1408 691 1483 zpet
707 1402 850 1482 povolan
868 1403 912 1465 do
931 1403 1076 1483 Moravy,
1091 1424 1109 1465 a
1123 1403 1188 1482 pal<
1205 1427 1225 1464 0
1239 1402 1393 1481 pokiteni
1410 1403 1621 1486 Boiivojove.

425 1495 616 1557 Znamenite
647 1503 718 1571 tyto
751 1491 875 1570 rozdily
907 1493 1008 1555 vecne
1038 1493 1182 1573 vylueujt
1206 1496 1252 1554 asi
1279 1493 1480 1570 donincnku,
1511 1499 1549 1555 ie
1575 1495 1623 1572 by

336 1588 401 1647 oba
426 1602 586 1661 prameny
618 1581 781 1659 souvisely
813 1582 910 1660 spolu
941 1583 1057 1658 ptime,
1093 1586 1129 1642 ie
1153 1583 1198 1658 by
1218 1581 1321 1664 jeden
1345 1581 1400 1659 byl
1426 1600 1621 1660 pramenem

336 1672 508 1736 druhdmu.
555 1670 617 1732 Ale
642 1672 723 1733 iada
755 1671 957 1749 napadntch
982 1671 1068 1733 shod
1093 1690 1166 1732 zase
1191 1669 1212 1732 lr
1237 1672 1426 1734 souvislosti
1457 1671 1621 1757 ulrazuje3

335 1761 483 1838 zformy
513 1760 579 1840 jich
613 1760 733 1822 adase
764 1760 843 1822 take
866 1769 995 1838 patrna,
1031 1765 1068 1821 te
1091 1768 1126 1820 tu
1151 1760 1284 1839 cerpaly
1309 1761 1375 1821 aba
1399 1778 1559 1840 prameny
1584 1783 1622 1825 ee

334 1850 480 1932 spoletnc‘
497 1849 660 1930 pr'edlolry.
686 1849 806 1911 Hlavnl
830 1849 951 1911 takove
975 1869 994 1910 a
1018 1850 1248 1930 nejobslrnejdl
1273 1852 1370 1911 misto
1391 1850 1425 1930 je
1449 1857 1538 1912 toto:

572 1995 711 2052 Kristian.
1136 1994 1283 2069 Legenda
1307 1994 1478 2052 moravskt.

380 2101 431 2157 lllo
455 2097 560 2177 (Cyril)
577 2102 728 2158 humiliter
745 2100 947 2158 satisfaciente
1049 2098 1125 2157 Cum
1150 2111 1251 2157 autem
1269 2117 1323 2172 pro
1340 2100 1511 2174 hujusmodi
1534 2100 1621 2159 insti·

336 2191 391 2248 illis
415 2192 534 2263 (papei,
559 2191 713 2264 sapientes
737 2199 767 2247 et
791 2188 947 2265 rectores),
1003 2191 1120 2246 tutione
1144 2189 1211 2262 plus
1235 2198 1266 2247 et
1290 2189 1356 2263 plus
1374 2191 1450 2247 inter
1467 2207 1520 2247 eos
1536 2206 1621 2248 cres-

336 2296 391 2336 nec
414 2279 534 2336 omnino
565 2296 618 2336 eos
650 2280 789 2352 mitigare
820 2279 949 2347 valente,
1005 2287 1089 2335 ceret
1113 2279 1277 2350 altercatio
1302 2278 1332 2338 B.
1352 2277 1479 2352 Cyrillus
1502 2279 1620 2337 dictum

335 2377 457 2441 arrepto
493 2366 634 2440 psalterio
673 2385 794 2425 versum
832 2367 950 2441 psalmi·

336 2457 442 2533 graphi
479 2457 507 2513 in
539 2457 672 2514 medium
707 2457 853 2526 recitavit,
889 2474 950 2530 quo

336 2547 457 2604 dicitur:
489 2546 588 2602 omnis
618 2547 746 2620 spiritus
769 2546 878 2603 laudet
897 2546 950 2602 cio·

335 2636 461 2692 urinum.
502 2636 542 2691 Et
572 2636 637 2708 ipse
667 2636 765 2692 versui
801 2635 948 2693 alludens:

335 2726 368 2794 si,
392 2725 496 2798 inquit,
520 2725 618 2781 omnis
641 2725 763 2798 spiritus
778 2725 881 2782 laudet
897 2725 950 2781 do·

335 2814 458 2884 minum,
482 2832 540 2869 cur
561 2833 614 2884 mc,
640 2822 743 2887 patres
766 2815 863 2886 electi,
881 2821 950 2888 pro-

335 2902 443 2960 hibetis
455 2903 619 2959 missarum
635 2903 872 2977 solempnitatem
889 2922 948 2958 mo-

335 2992 447 3049 dulare
465 2992 660 3049 sclavonice?
683 3010 736 3049 seu
756 2992 813 3051 alia
828 3010 949 3066 queque

336 3082 374 3138 de
399 3080 489 3138 latino
514 3081 561 3138 vel
586 3099 697 3155 graeco
725 3083 819 3139 verbo
844 3098 949 3138 eorum

336 3179 456 3228 vertere
473 3171 500 3225 in
518 3172 707 3227 sermonem?
735 3169 865 3226 sienim
882 3171 949 3244 qui-

334 3260 443 3315 vissem
469 3258 531 3314 ullo
554 3260 639 3315 mocio
662 3258 825 3316 subvenire
838 3258 949 3333 populo

1004 2368 1185 2427 Davidicum
1198 2368 1296 2424 attulit
1309 2368 1337 2424 in
1350 2368 1484 2425 medium
1501 2368 1619 2427 dicens:

1005 2456 1157 2531 Scriptum
1181 2465 1228 2514 est
1244 2457 1339 2513 enim:
1364 2457 1462 2513 onmis
1484 2457 1622 2532 Spiritus

1004 2545 1112 2603 laudet
1133 2547 1308 2603 Dominum.
1334 2547 1374 2603 Et
1390 2546 1413 2603 si
1438 2546 1535 2603 omnis
1550 2546 1619 2621 Spi-

1004 2636 1078 2693 ritus
1113 2635 1263 2693 laudendo
1302 2635 1476 2711 magnificat
1514 2636 1621 2694 Domi·

1004 2743 1084 2795 num,
1115 2744 1172 2781 cur
1194 2744 1240 2780 mc
1257 2724 1424 2798 prohibetis
1452 2743 1544 2782 sacra
1567 2725 1620 2783 lio·

1005 2833 1111 2870 rarum
1126 2808 1150 2894 ²)
1183 2814 1329 2871 solemnia
1357 2813 1535 2870 Sclavonice
1558 2834 1621 2872 uio·

1005 2902 1135 2964 dularit
1184 2902 1341 2977 Siquidem
1387 2904 1417 2959 si
1453 2903 1619 2978 quivissem

1004 2992 1054 3048 illi
1077 2993 1190 3069 populo
1225 2992 1317 3047 aliter
1350 2992 1549 3066 aliquomodo,
1586 3001 1623 3050 ut

1004 3082 1109 3136 ceteris
1147 3080 1330 3149 nationibus,
1377 3081 1540 3138 subvenire
1585 3082 1619 3139 in

1004 3169 1113 3242 lingua
1133 3188 1248 3243 graeca
1280 3171 1331 3226 vel
1359 3170 1467 3239 latina,
1497 3171 1619 3228 omnino

1004 3277 1083 3334 quae
1106 3258 1327 3334 reprehenditis
1350 3278 1409 3315 nou
1436 3260 1617 3316 sanxissem.

335 3346 385 3403 illi
418 3355 452 3402 ut
483 3347 589 3403 ceteris
624 3348 806 3405 nacionibus
839 3348 948 3420 lingua
1007 3348 1071 3405 Sed
1090 3350 1164 3423 quia
1188 3349 1300 3405 idiotas
1322 3350 1445 3404 viarum
1469 3348 1522 3405 cici
1543 3356 1619 3406 tota-

335 3435 434 3492 latina
450 3435 502 3491 vel
511 3455 634 3509 graeca,
655 3437 823 3494 omnimodo
839 3438 876 3494 id
889 3456 948 3493 uon
1003 3437 1074 3493 liter
1099 3438 1253 3511 reperiens
1284 3456 1332 3493 eos
1355 3446 1384 3493 et
1406 3438 1541 3510 ignaros,
1572 3457 1618 3494 so·

329 3526 590 3601 presumpsisscm.
625 3525 691 3583 Sed
709 3545 835 3583 cerneus
855 3534 948 3600 popu·
1003 3526 1066 3582 lum
1090 3526 1145 3583 hoc
1161 3527 1319 3600 ingenium
1339 3527 1482 3602 alvufluu
1502 3527 1530 3582 S.
1550 3526 1612 3601 Spi-

335 3614 398 3670 lum
422 3615 500 3672 dure
526 3615 654 3671 cervicis
671 3618 747 3693 fore
777 3624 806 3671 et
827 3616 949 3673 omnino
1004 3616 1083 3671 ritus
1102 3617 1209 3689 gratia
1241 3616 1327 3673 cordi
1357 3635 1419 3672 meo
1447 3616 1620 3690 inspirante

325 3704 455 3774 ydiotas
478 3711 508 3759 et
528 3704 654 3776 ignaros
676 3705 798 3761 viarum
819 3706 878 3774 dei,
901 3724 948 3761 so·
1003 3705 1140 3778 comperi,
1158 3712 1216 3779 per
1236 3706 1423 3781 quodetiam
1444 3704 1509 3761 Deo
1525 3706 1619 3761 innu-

335 3793 398 3849 lum
422 3792 476 3849 lioc
499 3793 658 3865 ingenium
681 3794 879 3867 omnipotente
895 3794 949 3850 cieo
1003 3812 1152 3850 merosum
1170 3793 1317 3868 populum
1342 3794 1502 3867 acquisivi.
1533 3792 1619 3862 Qua·

335 3882 422 3939 cordi
443 3900 507 3937 meo
530 3882 701 3955 inspirante
727 3883 865 3956 europem,
891 3890 951 3957 per
998 3890 1122 3957 propter
1144 3883 1252 3940 Patres
1275 3891 1305 3939 ct
1326 3882 1461 3955 Domini,
1485 3883 1617 3958 cogitate

334 3974 417 4047 quod
442 3980 538 4027 eclam
571 3971 680 4028 multos
710 3971 759 4027 illi
787 3971 947 4047 acquisivi.
1004 3972 1174 4047 consultius,
1191 3973 1215 4029 si
1233 3974 1309 4030 lianc
1321 3972 1515 4028 institutionis
1531 3988 1618 4029 meae

339 4059 531 4135 Quapropter
559 4060 705 4136 ignoscite
737 4060 817 4131 mihi,
843 4069 948 4135 patres
1003 4079 1139 4118 normam
1164 4063 1310 4136 expediat
1324 4062 1492 4120 immutare.
1517 4060 1558 4117 m
1571 4061 1621 4118 illi

334 4158 364 4205 ct
384 4149 519 4206 douu'ni:
549 4149 698 4222 siquidem
729 4158 760 4207 ct
787 4150 816 4207 b.
841 4150 948 4208 Paulus
1003 4151 1163 4207 condientes
1190 4159 1219 4207 et
1241 4152 1432 4209 adrnirautes
1455 4151 1535 4207 tanti
1556 4150 1620 4207 viri

335 4239 490 4312 apostolus
521 4238 629 4297 doctor
659 4240 799 4315 gencium
829 4238 857 4296 in
884 4240 946 4313 epi·
1002 4240 1188 4297 industriam
1212 4250 1242 4298 ct
1252 4240 1363 4316 fictura,
1388 4240 1522 4296 studiosa
1545 4239 1618 4296 deli·

335 4329 411 4386 stola
442 4329 480 4386 ad
513 4326 686 4387 Corinthios
720 4329 828 4403 inquit:
865 4329 946 4402 loqui
1002 4329 1157 4387 beratione
1208 4328 1393 4402 praehabita,
1446 4336 1621 4385 statuerant

428 4501 446 4563 ¹)
538 4503 646 4556 in....
667 4502 824 4571 principem
852 4508 882 4554 et
910 4516 979 4554 suos
1009 4501 1155 4564 satellites,
1187 4507 1217 4552 et
1247 4502 1274 4553 in
1307 4515 1408 4553 omnes
1439 4503 1501 4569 ejus
1529 4505 1618 4570 gades

335 4571 394 4635 (str.
422 4576 493 4634 106).
533 4557 628 4628 lltdke
647 4582 677 4628 to
696 4574 779 4628 slovo
799 4574 938 4625 znamena
957 4582 987 4626 tu
1008 4573 1119 4631 limites,
1147 4579 1239 4625 terras
1263 4571 1321 4637 (Du
1341 4571 1463 4642 Cange);
1495 4572 1621 4628 l'erwolf

335 4642 451 4711 pleloiil
473 4645 679 4698 ›komonstvo‹
694 4675 724 4684 -
737 4661 751 4697 s
764 4645 907 4698 odkazcm
926 4659 962 4697 na
976 4643 1023 4696 Du
1043 4642 1153 4711 Gange!
1166 4672 1199 4682 -
1213 4642 1234 4712 ⁹)
1253 4638 1434 4697 Rt'sznocteni
1443 4660 1447 4696 :
1469 4659 1615 4699 sacrarum

336 4715 488 4769 missarum
507 4716 636 4769 solennia
656 4723 684 4769 et
704 4718 849 4771 horarum.
