3917 5742
793 659 928 727 Kapitola
946 659 1061 714 dtvrta«
1514 664 1565 713 145

280 849 373 903 rante
389 843 526 922 gracia,a
546 842 704 902 virtutum
729 843 847 902 merita
864 840 1012 918 preclara
1037 849 1223 921 patuerunt.
1249 839 1336 902 Nam
1354 862 1398 903 ex
1414 842 1566 905 eiusdem

280 938 499 994 monumento
522 937 617 990 tanta
645 925 842 1011 flagranciab
865 933 939 991 miri
964 950 1003 991 ac
1036 932 1222 991 suavissimi
1245 930 1359 993 odoris
1392 935 1565 1007 emanavit,

280 1039 345 1100 que
369 1028 566 1081 cunctorum
592 1026 780 1080 aromatum
796 1018 985 1100 florumque
1002 1020 1223 1080 odoramenta
1241 1021 1434 1082 evinceret.c
1455 1019 1565 1099 Quam

279 1108 390 1185 plures
414 1111 522 1169 eciam
546 1127 663 1170 cereos
687 1107 926 1188 lampadesque
952 1109 1077 1170 lumine
1101 1103 1297 1189 flagrantesl
1318 1110 1431 1171 divino
1449 1111 1564 1171 intem·

280 1205 374 1274 peste
398 1200 507 1259 noctis
531 1196 670 1259 silencio
693 1205 811 1277 terque
843 1205 1029 1277 quaterque
1054 1199 1227 1259 oculorum
1254 1200 1450 1260 hauserunte
1475 1202 1565 1275 acie,

279 1306 344 1367 que
369 1296 489 1347 cuncta
521 1287 703 1360 dominam,
736 1285 993 1348 interfectricem
1026 1282 1143 1365 ipsiusf
1167 1285 1331 1363 videlicet,
1363 1289 1497 1348 minime
1522 1288 1565 1348 la·

278 1384 400 1438 tuere.g
440 1373 571 1453 Quibus
604 1377 755 1456 cognitis,
790 1378 912 1437 timore
947 1379 1052 1438 nimio
1086 1385 1262 1452 prostrata,
1302 1377 1469 1458 agendum
1501 1379 1567 1440 sibi

278 1459 376 1545 quidh
400 1463 494 1538 soret,
519 1464 712 1544 ignorabat,
739 1464 876 1525 tandem
901 1459 1024 1526 rursusi
1054 1484 1258 1526 venenosum
1275 1467 1464 1527 instaurans
1488 1486 1564 1527 con-

279 1554 397 1627 silium,
423 1556 633 1632 apparitores
657 1572 737 1615 suos
761 1548 907 1614 Tetinisl
929 1556 1028 1629 misit,
1054 1572 1121 1632 quo
1145 1554 1334 1614 venerabile
1359 1573 1482 1631 corpus
1513 1563 1564 1616 tu-

278 1643 441 1705 mulatum
474 1643 615 1717 iacebat,
655 1645 688 1703 in
713 1641 880 1703 mandatis
905 1642 1034 1716 iubens,
1064 1638 1164 1721 quod¹
1193 1643 1331 1704 domum
1355 1646 1453 1703 beate
1478 1644 1564 1705 Lud-

278 1735 377 1794 milem
400 1752 500 1810 super
523 1731 688 1792 tumulum
712 1734 817 1809 ipsius
840 1740 1041 1794 statuerentn
1066 1734 1099 1793 in
1115 1734 1254 1794 modum
1275 1732 1420 1803 basilice,
1445 1741 1565 1808 aptans

278 1825 309 1883 ei
333 1840 455 1882 nomen
480 1823 513 1882 in
537 1820 666 1890 honore
690 1822 780 1882 beati
804 1820 994 1883 Michaelis⁰
1016 1821 1215 1902 archangeli,
1248 1829 1332 1901 quop
1353 1823 1382 1883 si
1407 1822 1565 1901 deinceps

277 1912 360 1972 inibi
385 1910 560 1971 claruisset
583 1912 715 1991 signum
739 1909 887 1989 aliquod,
910 1929 978 1971 non
1003 1912 1128 1972 meritis
1146 1913 1244 1971 beate
1261 1914 1425 1987 martyris,
1449 1930 1564 1973 verum

276 2008 479 2075 sanctorum,
504 2018 645 2080 quorum
670 2001 810 2081 pignora
835 1999 917 2060 inibi
940 2001 1177 2074 detinerentur,
1202 1995 1462 2082 deputaretur.¹)
1487 1997 1563 2077 Quo

277 2088 366 2150 iacto
390 2095 502 2149 tantus
527 2096 666 2149 cunctos
694 2089 918 2169 ingredientes
943 2089 1116 2150 basilicam
1150 2089 1267 2150 horror
1298 2091 1426 2161 invasit,
1457 2090 1565 2169 quodq

278 2180 358 2239 haut
382 2176 477 2238 aliter
500 2179 565 2238 nisi
587 2180 807 2239 veneracione
839 2197 915 2238 cum
949 2181 1099 2239 maxima
1132 2180 1213 2240 inibi
1245 2178 1408 2239 auderent
1437 2178 1564 2259 ingredi

277 2266 493 2347 preclaraque
517 2274 551 2327 et
575 2268 716 2346 insignia
750 2286 794 2327 ex
826 2268 903 2327 hinc
928 2270 960 2328 in
986 2270 1108 2328 eodem
1133 2276 1271 2345 patuere
1305 2267 1381 2329 loco
1405 2270 1563 2329 virtutum

276 2356 447 2418 miracula.

368 2438 465 2527 [Kap.
490 2438 530 2526 5.]
558 2443 633 2505 Hiis
657 2446 839 2525 ita‘gestiS,
872 2454 1040 2506 annuente
1066 2442 1199 2506 Christo
1224 2446 1316 2507 olimr
1343 2445 1468 2506 electus
1493 2444 1564 2506 dux

276 2536 394 2595 beatus
420 2533 641 2595 Wenceslaus
666 2553 773 2594 annos
806 2536 954 2609 puericie
985 2536 1235 2606 transcendens,
1272 2536 1458 2614 gratissime
1483 2532 1564 2594 flore

276 2624 458 2685 iuventutis
482 2622 680 2696 nitescebat,
704 2632 834 2695 cuncta,
858 2641 922 2701 que
947 2644 965 2683 a
991 2625 1168 2704 pedagogo
1194 2626 1327 2701 apicum
1354 2626 1419 2684 sibi
1441 2622 1564 2683 tradita

277 2712 416 2786 fuerant,
453 2711 520 2771 alta
551 2712 713 2772 memoria
746 2712 925 2783 revolvens,
962 2714 1073 2773 animo
1110 2715 1255 2773 estuanti
1290 2732 1392 2792 opere
1427 2712 1563 2790 implere
1583 2729 1700 2794 Fontes,

277 2802 443 2881 cupiebat,
467 2800 557 2879 quod
584 2820 663 2860 aure
688 2809 895 2879 perceperat.
920 2798 1136 2879 Quapropter
1152 2803 1297 2883 genitrix
1314 2803 1418 2878 ipsius
1435 2800 1563 2878 perfida
1592 2800 1611 2863 l,
1632 2806 1693 2855 210.

276 2909 352 2952 cum
377 2887 580 2969 quibusdam
605 2889 669 2950 sibi
685 2892 951 2951 assencientibus
985 2890 1059 2952 filiis
1084 2889 1197 2967 Belial,
1222 2891 1407 2951 invidentes
1431 2891 1562 2952 actibus

276 2981 362 3042 illius
378 2977 566 3058 studiisque
589 2979 816 3050 sanctissimis,
839 2980 921 3040 inito
945 2980 1098 3040 invicems
1126 2981 1264 3041 consilio
1282 2980 1451 3040 dixerunt:
1476 2978 1562 3054 Heu,

275 3071 358 3150 quid
382 3070 519 3149 agimus,
547 3086 656 3147 quove
681 3077 815 3129 nosmet
847 3069 1034 3130 vertemus?
1069 3069 1225 3146 Princeps
1249 3068 1414 3149 siquidem
1440 3078 1562 3144 noster,

276 3160 376 3239 quia
401 3157 498 3218 nobis
531 3159 564 3217 in
597 3157 686 3238 regni
718 3156 848 3237 fastigio
873 3157 1073 3219 sublimatus
1098 3166 1156 3230 est,
1192 3177 1366 3235 perversus
1391 3178 1411 3217 a
1435 3157 1562 3219 clericis

277 3240 308 3330 [l
327 3240 397 3329 29²]
415 3254 449 3306 et
465 3265 526 3306 ceu
544 3246 728 3307 monachus
752 3244 867 3319 sactus,
892 3266 951 3325 per
976 3249 1153 3324 abruptam
1170 3257 1203 3308 et
1219 3249 1377 3309 asvetamt
1404 3246 1563 3307 viciorum

275 3345 466 3399 nostrorum
491 3338 644 3396 semitam
677 3355 740 3397 nos
772 3336 866 3417 gradi
898 3355 967 3397 non
991 3338 1078 3397 sinit.
1113 3335 1157 3396 Et
1180 3338 1206 3397 si
1230 3336 1295 3397 hoc
1320 3354 1408 3397 nunc
1433 3338 1466 3395 in
1483 3355 1563 3413 pue-

276 3428 356 3487 ricia
379 3424 430 3485 vel
455 3425 688 3485 adolescencia
712 3427 805 3505 gerit,
838 3426 918 3504 quid
952 3437 1050 3503 putas
1085 3423 1233 3486 facturus
1258 3433 1309 3485 est
1333 3426 1367 3485 in
1391 3426 1562 3485 iuventute

275 3515 325 3576 vel
351 3514 507 3575 senecta?
540 3514 595 3574 Ab
627 3514 683 3575 illo
716 3533 796 3595 ergo
828 3516 883 3575 die
917 3508 1015 3576 nimis
1039 3514 1207 3593 inportuni
1232 3517 1261 3574 ei
1288 3532 1361 3574 esse
1393 3523 1562 3593 ceperunt,

275 3605 384 3665 minisu
408 3606 618 3676 increpantes
633 3605 766 3683 aliaque
781 3603 936 3681 perplura
957 3606 1136 3681 inportune
1153 3602 1199 3664 illi
1215 3606 1403 3683 ingerentes
1427 3600 1561 3664 scelera.

365 3690 439 3769 Que
464 3701 585 3754 cuncta
610 3694 656 3753 vir
680 3694 745 3753 deo
771 3712 869 3753 carus
902 3695 1003 3754 armis
1034 3692 1113 3754 fidei
1146 3692 1309 3771 repellens
1334 3699 1368 3753 et
1393 3692 1500 3770 clipeo
1526 3711 1562 3752 se

276 3784 465 3860 pacienciev
487 3783 649 3851 muniens
675 3782 785 3843 animo
810 3782 920 3843 illeso¹
943 3780 1142 3860 perferebat.
1167 3779 1340 3861 Siquidem
1364 3788 1398 3839 et
1422 3781 1562 3842 clericos

275 3874 347 3932 eius
372 3879 405 3931 et
428 3873 594 3950 quosdam
626 3870 808 3952 religiosos,
839 3889 982 3950 quorum
1007 3871 1160 3931 doctrina
1184 3872 1254 3948 ipse
1279 3872 1489 3949 pascebatur,
1514 3871 1562 3929 in-

276 3961 370 4022 sidiis
403 3960 547 4021 assiduis
583 3961 675 4035 impii
700 3967 907 4038 appetentes,
942 3961 1113 4020 trucidare
1145 3960 1252 4020 moliti
1283 3966 1361 4020 sunt
1396 3961 1562 4037 minisque

275 4051 430 4109 maximis
453 4057 650 4124 terruerunt,
675 4049 784 4129 quody
807 4068 907 4110 nemo
931 4049 1061 4112 illorum
1087 4048 1129 4109 ad
1155 4068 1231 4109 eum
1255 4066 1429 4109 accessum
1453 4050 1562 4126 quiret

276 4137 411 4200 habere.
437 4137 512 4215 lpse
536 4158 616 4199 vero
641 4146 839 4210 cunctorum
865 4138 984 4198 horum
1009 4140 1099 4199 scius
1125 4157 1200 4197 cum
1224 4138 1289 4199 sibi
1313 4136 1468 4198 fidelibus
1485 4137 1561 4197 viris

365 4277 392 4343 a)
404 4276 458 4329 Un.
472 4277 636 4329 clemencia.
656 4276 686 4343 b)
702 4275 773 4341 Kap.
793 4275 967 4343 fragrancia3
988 4274 1063 4328 Wat.
1077 4274 1240 4343 fraglancia.
1259 4273 1286 4344 c)
1300 4273 1353 4326 Un.
1373 4275 1510 4326 vinceret.
1530 4273 1560 4340 d)

276 4348 349 4400 Wat.
369 4348 538 4416 flagitantes.
559 4348 587 4413 e)
600 4347 666 4401 Wat
694 4348 853 4400 hauserunt
872 4348 1032 4399 oculorum.
1052 4346 1074 4408 f)
1095 4346 1169 4398 Wat.
1190 4348 1259 4399 eius.
1280 4344 1307 4415 g)
1317 4344 1392 4397 Wat.
1408 4346 1560 4397 latuerunt.

276 4419 305 4488 h)
316 4420 390 4471 Wat.
404 4420 474 4486 quid
488 4420 543 4471 sibi
555 4420 699 4487 agendum
717 4418 801 4471 foret.
820 4419 839 4484 i)
850 4417 903 4470 Un.
918 4433 1040 4470 rursum.
1062 4420 1092 4483 k)
1104 4417 1173 4484 Kap.
1188 4417 1346 4469 Thethinis.
1366 4417 1384 4481 l)
1399 4415 1473 4469 Wat.
1494 4432 1561 4483 quo.

276 4494 314 4558 m)
337 4492 409 4543 Wat.
424 4491 575 4542 Li'udmile.
597 4489 626 4558 n)
645 4490 698 4542 Un.
713 4491 794 4558 quod
813 4490 932 4542 domum
951 4504 1041 4556 super
1060 4489 1201 4540 tumulum
1221 4490 1306 4541 beate
1319 4488 1452 4540 Ludmile
1471 4494 1561 4540 statu·

275 4568 365 4616 erent.
393 4559 422 4629 o)
443 4560 517 4613 Wat.
537 4561 712 4614 Michahelis,
741 4561 770 4628 p)
791 4562 862 4627 Kap.
883 4560 970 4628 quod.
1000 4558 1030 4629 q)
1050 4560 1103 4612 Un.
1124 4576 1191 4627 quo.
1221 4558 1245 4629 r)
1265 4560 1318 4612 Un.
1339 4558 1424 4626 olym,
1444 4556 1468 4627 s)
1488 4559 1560 4624 Kap.

275 4635 304 4686 in
323 4635 454 4686 invicem.
484 4634 505 4697 t)
526 4632 580 4685 Un.
600 4634 765 4686 adswetam.
786 4631 815 4702 u)
834 4632 907 4698 Kap.
926 4632 1021 4684 nimis,
1048 4629 1077 4700 v)
1097 4630 1149 4685 Un.
1170 4632 1311 4698 paciente.
1337 4629 1368 4698 x)
1388 4629 1440 4682 Un.
1461 4630 1560 4682 inleso.

326 4705 371 4757 Rk
420 4723 426 4757 :
469 4705 523 4755 uia.

275 4708 304 4774 y)
371 4719 466 4844 pyqu
486 4774 574 4827 konci
592 4789 623 4827 se
643 4774 756 4827 zlomek
775 4768 944 4827 Kristiamiv
963 4791 977 4826 z
998 4774 1073 4841 rkpu
1092 4790 1110 4826 v
1131 4773 1382 4842 Heiligenkreuzu.

1366 4883 1399 4931 10
