3917 5742
334 736 386 788 132
694 732 717 802 J.
738 732 843 786 Pekai:
862 731 1001 801 NeJ'stardi
1019 732 1141 787 kronika
1159 732 1254 786 ceska.

334 916 396 995 ipsi
421 914 538 976 horum
563 914 716 976 similium
748 924 939 977 sanctorum
972 924 1166 992 martyrum,
1193 912 1431 987 confessorum,
1455 915 1620 997 virginum

335 1003 606 1083 reliquorumque
642 1012 834 1065 sanctorum
866 1001 1019 1065 exultent
1042 1003 1214 1083 possidere
1239 1003 1437 1066 venerabilia
1466 1006 1621 1084 pignora.

336 1093 396 1155 At*
417 1112 479 1154 uos
503 1092 622 1155 horum
647 1101 797 1154 carentes
823 1101 1027 1166 cunctorum,
1054 1093 1125 1168 hos,
1150 1102 1186 1153 ut
1210 1094 1253 1155 ita
1276 1091 1391 1168 fatear,
1416 1102 1492 1171 post
1516 1092 1619 1155 deum

335 1182 425 1246 solos
450 1182 621 1256 habentes,
644 1176 756 1260 quasib
777 1181 911 1263 indigne
935 1190 1117 1244 tractamus
1141 1200 1325 1262 eorumque
1350 1183 1390 1244 de
1409 1182 1461 1244 die
1478 1185 1511 1245 in
1528 1183 1621 1245 diem

334 1272 458 1351 indigni
482 1272 650 1340 virtutemc
664 1270 822 1345 videntes,
834 1269 933 1333 veluti
945 1270 1105 1334 increduli
1123 1289 1303 1343 manemus,
1320 1273 1368 1333 eis
1385 1274 1505 1333 servire
1522 1272 1621 1333 dissi·

335 1359 507 1423 mulamus.
533 1359 705 1422 Hactenus
728 1360 770 1422 de
795 1371 908 1421 nostra
932 1360 1059 1423 desidia
1084 1361 1208 1423 dixisse
1233 1358 1382 1423 sufficiat.

424 1449 522 1511 Nunc
553 1468 613 1510 vos
648 1448 822 1530 deprecor,
854 1448 1008 1526 pontifex
1040 1449 1151 1512 inclite
1180 1457 1213 1512 et
1246 1469 1352 1529 nepos
1376 1450 1556 1525 carissime,
1580 1458 1621 1511 ut

335 1539 391 1618 qui
413 1558 468 1601 me
491 1538 681 1600 inmeritum
714 1539 777 1600 hoc
809 1557 896 1615 opus
927 1539 1039 1601 subire
1064 1538 1196 1615 fecistis,
1230 1540 1385 1617 precibus
1417 1548 1498 1618 aput
1526 1557 1620 1601 com-

335 1647 469 1690 munem
500 1637 677 1706 patronum
708 1628 833 1704 iuvetis,
869 1637 904 1688 ut
928 1630 984 1707 qui
1008 1623 1085 1690 vosd
1106 1628 1230 1690 meritis
1261 1631 1329 1690 suis
1362 1627 1404 1689 ad
1429 1626 1621 1706 pontificale

334 1717 439 1780 decus
462 1717 689 1780 conscendere
713 1717 837 1791 statuit,
861 1716 941 1777 dum
965 1716 1060 1779 vobis
1083 1718 1115 1779 in
1139 1717 1251 1779 futuro
1276 1726 1357 1795 aput
1373 1713 1540 1780 Christum
1557 1715 1618 1779 do·

334 1809 459 1869 minum
486 1825 644 1867 coronam
680 1804 784 1889 glorie
820 1799 894 1884 prof
925 1815 1097 1886 reportato
1134 1806 1225 1868 lucro
1261 1806 1463 1869 decreditis
1500 1806 1622 1869 ovibus

335 1896 533 1976 acquisierit,
573 1895 669 1956 nobis
704 1894 821 1957 saltem
857 1898 987 1957 veniam
1026 1897 1199 1957 criminum
1238 1898 1414 1974 impetrare
1454 1896 1618 1977 dignetur.

336 1984 459 2047 Vestra
493 1986 598 2046 eciam
622 1982 738 2046 illustri
762 1985 941 2063 sapiencia,
971 1985 1063 2065 quod
1089 1993 1201 2047 nostra
1229 1979 1260 2068 [f.
1285 1979 1354 2067 25¹¹]
1381 1984 1516 2047 fatuitas
1540 1985 1619 2047 insi-

334 2074 462 2154 pienter
486 2073 642 2147 ebullivit,
670 2074 795 2134 obnixe
821 2075 964 2151 petimus
989 2075 1186 2136 oblitterarig
1210 2083 1310 2155 atque
1333 2074 1486 2137 doctrina
1510 2084 1620 2137 vestra

335 2164 496 2225 decorari.
534 2162 745 2225 Auctoritate
777 2164 883 2224 eciam
907 2172 1016 2225 vestra
1041 2164 1103 2225 hec
1128 2166 1247 2225 eadem
1271 2163 1404 2225 firmare
1429 2163 1622 2245 dignemini,

335 2272 401 2333 quo
418 2252 536 2314 saltem
553 2270 613 2329 per
628 2251 836 2331 parrochiam
854 2259 997 2314 vestram
1013 2255 1177 2316 scribatur
1194 2254 1398 2335 legaturque.
1418 2251 1491 2314 Hiis
1507 2254 1620 2333 itaque

334 2341 476 2404 breviter
507 2341 683 2419 prelibatis,
719 2340 763 2401 ad
794 2352 888 2424 gesta
924 2341 1044 2404 eadem
1068 2341 1277 2422 propalanda
1300 2342 1521 2422 accingamur,
1549 2351 1618 2404 tam

334 2431 457 2492 meritis
488 2430 577 2492 beati
608 2432 762 2507 martyris
797 2449 897 2510 quam
931 2430 1085 2511 precibus
1116 2431 1232 2493 vestris
1266 2427 1414 2508 suffulti,h
1438 2432 1620 2493 auxiliante

335 2519 472 2581 domino
496 2527 611 2581 nostro
636 2527 669 2581 et
692 2518 856 2581 salvatore
879 2519 958 2600 Jesu
983 2518 1124 2583 Christo.

425 2621 600 2710 [Kapitola
623 2620 660 2709 1.]
694 2625 850 2703 Moravia,
874 2630 965 2709 regio
989 2620 1201 2701 Sclavorum,i
1238 2626 1381 2706 antiquis
1413 2626 1622 2704 temporibus

335 2715 423 2778 fama
459 2725 666 2778 memorante
698 2714 843 2777 creditur
879 2729 912 2777 et
943 2717 1091 2778 noscitur
1129 2714 1249 2778 Christi
1287 2715 1389 2777 fidem
1428 2716 1619 2794 percepisse

335 2805 520 2886 Augustini,
544 2804 710 2885 magnifici
733 2804 892 2880 doctoris,
927 2814 963 2866 ut
1000 2808 1103 2880 aiunt,
1138 2806 1357 2884 temporibus.
1396 2801 1547 2886 Bulgorik
1567 2804 1620 2866 vel

335 2894 478 2975 Bulgarii
502 2904 650 2956 attamen
681 2892 779 2974 longe
812 2903 889 2956 ante
921 2895 1040 2955 eadem
1073 2894 1169 2971 potiti
1193 2891 1264 2955 fore
1289 2892 1475 2955 referuntur
1497 2894 1618 2975 gracia.

333 2981 505 3063 Siquidem
523 2977 689 3061 Quirillus¹
704 2981 727 3059 1)
741 2982 886 3061 quidam,
904 2983 1046 3045 nacione
1063 2983 1200 3060 Grecus,
1216 2993 1283 3045 tam
1299 2983 1407 3044 latinis
1425 3001 1525 3062 quam
1538 2983 1620 3062 ipsis

335 3072 520 3135 Grecorum
553 3071 702 3151 apicibus
735 3074 921 3146 instructus,
954 3082 1132 3153 postquam
1166 3072 1298 3154 Bulgrim
1314 3072 1533 3145 crediderant,
1565 3091 1620 3154 ag·

334 3181 467 3243 gressus
491 3164 597 3223 estin
622 3162 755 3223 nomine
780 3171 893 3223 sancte
922 3162 1074 3223 trinitatis
1098 3172 1130 3223 et
1153 3160 1322 3223 individue
1354 3161 1490 3223 unitatis
1514 3161 1619 3223 eciam

335 3251 542 3331 supradicte¹¹
558 3251 654 3332 genti,
673 3249 838 3312 Moravie⁰
854 3250 1013 3331 degenti,p
1029 3250 1129 3313 fidem
1147 3250 1273 3312 domini
1285 3252 1388 3312 nostri
1406 3251 1480 3312 Iesu
1498 3247 1620 3313 Christi

335 3340 518 3421 predicare.
542 3339 586 3401 Et
613 3348 819 3417 cooperante
843 3339 960 3414 divina,
984 3342 1095 3421 gracia
1119 3348 1296 3419 postquam
1322 3338 1393 3401 illos
1418 3336 1549 3401 Christo
1574 3338 1620 3401 lu-

335 3438 446 3491 cratus
470 3437 565 3505 erat,q
588 3431 694 3490 eciam
719 3428 830 3506 apices
853 3428 916 3491 velr
941 3437 1128 3490 caracteres
1152 3448 1257 3491 novas
1285 3430 1448 3506 comperit
1471 3437 1503 3488 et
1528 3436 1622 3490 vetus

334 3538 523 3599 novumque
547 3526 781 3580 testamentum
808 3518 970 3596 pluraque
994 3518 1057 3579 alia
1082 3518 1124 3579 de
1140 3537 1240 3600 greco
1262 3536 1319 3577 seu
1337 3518 1439 3579 latino
1456 3525 1621 3579 sermone⁸

335 3608 557 3670 sclavonicam
582 3610 616 3670 in
634 3607 778 3687 linguam
795 3607 966 3669 transtulit.
989 3606 1118 3669 Missast
1145 3616 1297 3687 preterea
1310 3617 1505 3687 ceterasque
1522 3626 1621 3668 cano-

335 3699 426 3760 nicas
458 3697 558 3759 horas
589 3698 622 3758 in
654 3697 796 3759 ecclesia
831 3696 964 3773 publica
999 3705 1097 3758 voceu
1119 3714 1276 3757 resonare
1312 3696 1433 3772 statuit,
1469 3695 1561 3774 quod
1587 3704 1621 3758 et

336 3805 441 3865 usque
476 3785 576 3847 hodie
611 3787 643 3846 in
676 3787 823 3864 partibus
859 3784 1053 3848 Sclavorum
1086 3784 1294 3867 apluribusl
1327 3786 1441 3867 agitur,
1473 3788 1621 3846 maxime

335 3878 384 3938 inx
419 3874 601 3956 Bulgariis,y
636 3874 805 3954 multoque
837 3895 880 3935 ex
912 3873 977 3935 hoc
1010 3877 1120 3937 anime
1160 3871 1291 3937 Christo
1331 3876 1469 3936 domino
1509 3876 1621 3954 acqui-

337 3973 461 4026 runtur.

425 4051 576 4134 Cumque
601 4054 748 4133 quodam
773 4062 926 4132 tempore
943 4060 1148 4113 memoratus
1165 4050 1335 4129 Quirillusz
1360 4054 1501 4114 Romam
1519 4071 1620 4114 causa

336 4145 531 4206 oracionis²a
554 4142 688 4217 adisset,
720 4161 739 4203 a
771 4161 903 4204 summo
928 4140 1085 4219 pontifice
1110 4136 1193 4203 velbb
1217 4161 1235 4202 a
1260 4142 1393 4222 reliquis
1418 4141 1621 4219 sapientibus

336 4250 464 4258 ——-
473 4250 548 4255 ——-

425 4299 451 4346 a)
470 4282 522 4334 Un.
543 4297 584 4335 ac.
604 4283 634 4342 bl
648 4281 701 4333 Un.
722 4297 803 4349 quas,
823 4279 849 4347 c)
863 4281 915 4333 Un.
936 4282 1067 4334 virtutes.
1088 4280 1117 4349 d)
1131 4279 1184 4332 Un.
1205 4295 1266 4332 nos.
1287 4280 1313 4347 e)
1328 4281 1401 4345 Kap.
1419 4279 1510 4332 nobis.
1530 4278 1552 4338 sl
1565 4279 1620 4333 Un.

336 4354 448 4422 nemaji.
468 4356 496 4422 g)
517 4354 571 4406 Un.
591 4354 762 4406 oblicterari.
783 4353 812 4417 h)
832 4355 885 4407 Un.
905 4353 1001 4405 effulti.
1028 4353 1047 4420 i)
1068 4352 1139 4417 Kap.
1161 4352 1363 4404 Bohemorum.
1389 4352 1419 4415 k)
1441 4351 1493 4403 Un.
1516 4350 1621 4419 Bulzga

335 4440 482 4493 optaveno
501 4424 606 4494 Bulgri.
626 4423 645 4491 l)
664 4425 747 4477 Brev.
769 4427 803 4477 ol.
817 4427 920 4478 beatus
934 4423 1066 4491 Cyrillus.
1087 4421 1212 4490 Quidam
1230 4424 1321 4476 nema.
1341 4425 1379 4487 m)
1395 4423 1477 4476 Brev.
1491 4422 1526 4475 ol.
1541 4422 1620 4474 Wul·

355 4498 404 4549 ari.
425 4496 478 4548 Un.
498 4496 614 4549 dodava
633 4504 668 4549 et.
689 4497 717 4557 n)
738 4496 821 4548 Brev.
842 4497 933 4549 nemo.
953 4496 983 4563 o)
1003 4495 1056 4549 Un.
1076 4493 1201 4547 Morave.
1225 4494 1254 4559 pl
1274 4496 1355 4546 Brev.
1376 4495 1468 4546 neme.
1488 4496 1518 4561 q)
1540 4494 1620 4558 Brev,

335 4514 438 4621 {uerat
459 4575 482 4628 r)
502 4567 556 4619 Un.
576 4576 612 4620 et.
632 4570 657 4631 s)
678 4567 759 4621 Brev.
780 4570 872 4620 nema.
901 4567 923 4633 t)
943 4566 1025 4619 BreV.
1045 4580 1079 4617 ac
1100 4565 1207 4617 missas.
1234 4567 1263 4634 u)
1284 4567 1365 4618 Brev.
1385 4567 1469 4618 noma
1489 4566 1557 4631 publ
1585 4580 1621 4628 v.,

336 4640 380 4692 ale
401 4639 447 4691 dle
461 4638 595 4691 Kubicka
615 4641 675 4693 ma:
697 4640 821 4705 publico.
842 4641 870 4705 v)
889 4639 1050 4703 apluribus
1063 4638 1146 4689 nemo
1160 4637 1241 4690 Brev.
1262 4636 1293 4704 x)
1312 4638 1384 4703 Kap.
1400 4636 1582 4704 maximeque
1595 4652 1620 4689 a.

336 4711 364 4779 y)
384 4710 465 4762 Brev.
486 4708 637 4778 Wulgaris.
658 4710 683 4775 z)
703 4710 784 4763 Brev.
806 4710 929 4778 Cyrillus
947 4709 988 4777 (ll.
1008 4710 1053 4773 aa)
1073 4708 1155 4760 Brev.
1175 4708 1350 4761 devocionis.
1371 4708 1421 4774 bb)
1441 4708 1522 4759 Brev.
1543 4715 1578 4760 et.

429 4784 447 4843 ¹)
467 4781 526 4834 Zde
555 4782 658 4847 potina
685 4797 717 4833 sc
746 4783 858 4835 zlomek
887 4780 1041 4840 Kristiana,
1070 4779 1215 4848 obsaieny
1235 4794 1252 4832 v
1271 4778 1396 4833 breviaii
1418 4777 1619 4832 Olomuckem.

337 4851 399 4905 Srv.
414 4853 484 4920 vise
503 4859 552 4905 str.
575 4857 608 4905 23
628 4869 645 4906 a
664 4853 838 4920 piedmluvu
859 4854 877 4905 k
897 4851 1013 4917 vydimi.
