3917 5742
346 629 398 678 166
710 625 732 693 J.
753 623 858 677 Peirai:
878 622 1017 691 Neistarsl
1035 625 1159 677 kronika
1177 625 1273 676 eeski.

350 809 454 869 sancti
466 808 525 868 viri
538 814 728 881 attrectans
745 805 902 867 extraxit.
920 804 964 865 Et
977 805 1078 884 pallio
1095 803 1186 867 illam
1203 803 1381 879 involvunt,
1401 805 1642 886 reliquumque

350 899 502 975 corporis
526 898 646 957 iterum
670 906 758 957 terra
779 898 988 973 cooperiunt,
1012 898 1093 973 ipsis
1116 915 1194 955 vero
1219 913 1263 954 ex
1280 894 1426 973 reliquiis
1450 914 1512 973 pro
1536 893 1638 959 libitu

350 1006 412 1047 suo
444 989 565 1064 partim
598 984 660 1046 sibi
692 986 841 1054 retinent,
873 985 992 1063 partim
1024 984 1091 1044 suis
1115 984 1328 1045 distribuunt.
1368 980 1437 1044 Sed
1461 984 1549 1045 ulcio
1572 1004 1642 1048 eos

351 1093 468 1136 omnes
489 1074 640 1151 protinus
656 1074 767 1135 divina
784 1076 950 1151 inprovise
967 1077 1164 1152 assequitur.
1182 1071 1283 1151 Quod
1300 1076 1379 1153 quia
1395 1076 1534 1135 nostris·
1554 1093 1639 1136 eon·

349 1174 415 1226 stat
439 1164 562 1224 facturn
579 1164 789 1241 temporibus
812 1161 1028 1240 plurimisque
1046 1172 1147 1241 patet,
1163 1181 1407 1240 supervacuum
1432 1162 1510 1223 huic
1532 1182 1638 1239 opus·

350 1252 426 1315 culo
459 1251 588 1314 credidi
618 1251 849 1324 inserendum;
883 1251 948 1311 hoc
980 1251 1086 1312 solum
1120 1270 1233 1327 exaro,
1264 1251 1355 1331 quod
1388 1251 1569 1329 improvisa
1601 1263 1641 1315 et

350 1347 517 1421 insperata
543 1350 651 1403 morte
675 1342 832 1419 preventi,
856 1344 1003 1418 presenti
1028 1360 1073 1402 ex
1097 1340 1170 1401 luce
1195 1344 1388 1420 migrarunt.

439 1430 579 1512 Signum
612 1431 794 1510 quoddam,
827 1424 982 1491 rudibusb
1005 1430 1096 1508 quod
1128 1448 1215 1491 nunc
1239 1430 1450 1508 temporibus
1475 1426 1642 1506 Christus,

351 1525 564 1594 omnipotens
581 1519 673 1593 deus,
698 1520 835 1580 militem
859 1539 917 1597 per
941 1538 1038 1580 suum
1055 1518 1238 1580 dilucidare
1262 1519 1418 1599 dignatus
1433 1529 1493 1592 est,
1517 1517 1640 1581 refero.

350 1610 439 1673 Dum
466 1614 497 1671 in
523 1628 657 1670 carcere
681 1608 879 1669 multimoda
911 1617 1045 1669 caterva
1070 1609 1251 1684 hominum,
1275 1608 1421 1688 quedam
1445 1616 1540 1669 reatu
1563 1627 1641 1683 suo,

351 1700 496 1779 quedam
514 1719 593 1759 vero
608 1699 842 1760 accusancium
867 1696 1030 1777 obloquio
1047 1698 1283 1770 detentaretur,
1306 1707 1341 1758 et
1356 1697 1434 1758 inibi
1451 1697 1641 1759 diutissima

351 1799 537 1850 servaretur
562 1787 722 1862 custodia,
754 1786 834 1847 susis
861 1787 1016 1865 precibus
1040 1787 1083 1848 ad
1108 1786 1280 1847 dominum
1305 1806 1365 1865 per
1388 1789 1506 1847 merita
1529 1790 1640 1849 sancti

353 1876 543 1939 wenceslai
576 1877 708 1939 liberari
729 1877 855 1949 meruit
880 1876 1005 1936 domini
1030 1876 1172 1936 carceris
1202 1877 1294 1953 ipsos
1325 1875 1438 1937 liberis
1467 1876 1644 1956 gressibus

353 1973 560 2036 statuentes,c
584 1966 784 2046 quibusdam
800 1964 990 2026 infidelibus
1006 1965 1234 2037 suadentibus,
1250 1964 1405 2026 videlicet
1429 1964 1522 2044 quod
1538 1960 1642 2027 haut‘¹

352 2057 470 2116 virtute
502 2056 556 2116 dei
589 2056 637 2116 vel
663 2064 854 2116 sanctorum
886 2053 1015 2115 liberati
1047 2054 1165 2128 forent,
1196 2054 1256 2115 sed
1287 2064 1466 2132 preventus
1496 2055 1641 2130 pecunia

353 2155 468 2206 custos
484 2149 628 2206 carceris
652 2164 711 2205 eos
731 2143 908 2223 pluresque
924 2142 1007 2204 alios
1031 2163 1113 2220 sepe
1128 2162 1148 2203 a
1164 2142 1302 2204 vinculis
1326 2142 1486 2218 solvisset,
1510 2143 1642 2206 iudicio

353 2235 465 2296 divino
502 2237 687 2296 examinari
715 2235 824 2294 iussus
855 2240 929 2293 est‘
961 2232 1064 2313 Igitur
1096 2232 1292 2294 multimoda
1326 2242 1456 2294 astante
1487 2231 1641 2311 plebeica

354 2326 451 2385 turba
488 2321 611 2384 ferrum
646 2324 710 2402 igni
747 2325 893 2401 positum
927 2323 1108 2398 candescit,
1143 2333 1256 2382 custos
1291 2325 1435 2383 carceris
1470 2322 1644 2384 adductus

210 2421 330 2484 Fontes,
355 2413 558 2475 diiudicatur
575 2407 671 2473 ferres
693 2412 782 2473 nuda
807 2431 918 2480 manu,
943 2413 1089 2490 inposito
1107 2419 1198 2471 rure³
1218 2412 1372 2472 termino.
1398 2410 1455 2471 Ille
1479 2409 1525 2472 nil
1541 2411 1642 2475 dubi·

220 2494 322 2556 2²²⁷·
354 2510 438 2574 tans,
474 2522 587 2563 verum
620 2506 652 2563 in
685 2505 791 2562 sancti
824 2500 931 2562 fidens
966 2505 1095 2577 merita,
1130 2495 1310 2561 candenteh
1334 2499 1455 2560 serrum
1487 2500 1531 2560 ab
1562 2503 1644 2582 igne

355 2593 495 2667 sumpsit
524 2591 688 2671 longeque
715 2610 734 2650 e
762 2591 903 2651 termino
939 2585 1061 2671 gessit,i
1085 2601 1120 2650 et
1154 2594 1188 2651 ni
1219 2590 1263 2650 ab
1294 2590 1367 2650 aliis
1398 2588 1644 2668 prohiberetur,

354 2693 422 2742 tres
439 2681 590 2742 fortassis
606 2684 751 2741 vexisset
768 2688 883 2741 metas.
909 2678 1053 2759 Hocque
1077 2678 1167 2739 facto
1192 2697 1293 2739 omne
1315 2679 1507 2756 scrupulum
1530 2698 1550 2739 a
1567 2696 1643 2740 cor·

356 2769 455 2831 dibus
469 2781 666 2830 cunctorum
677 2769 824 2831 ablatum
838 2779 890 2830 est
902 2769 997 2830 dubi:
1006 2771 1093 2843 tatis,
1107 2768 1318 2829 laudancium
1331 2779 1365 2828 et
1376 2766 1644 2849 glorificancium

356 2859 468 2933 deum,
484 2859 575 2938 quod
593 2878 660 2920 non
687 2863 750 2921 nisi
774 2858 1001 2920 misericordia
1025 2878 1085 2918 sua
1109 2869 1143 2918 et
1166 2860 1405 2919 intercessione
1424 2858 1529 2917 sancti
1552 2877 1643 2918 mar·

357 2953 441 3026 tyris
464 2948 658 3010 ll'enceslai
682 2944 828 3009 vinctos¹¹
849 2951 995 3009 carceris
1019 2948 1170 3009 solveret.

449 3037 549 3119 lgitur
572 3043 599 3099 si
624 3049 743 3099 cuncta
777 3039 867 3098 beati
891 3040 1048 3111 martyris
1071 3041 1177 3117 signa,
1207 3055 1274 3115 que
1298 3037 1457 3097 dominus
1481 3054 1541 3111 per
1564 3054 1643 3097 eurn

360 3128 590 3188 demonstrare
621 3128 778 3208 dignatus
802 3137 860 3192 est
892 3126 968 3187 stilo
1002 3126 1291 3203 comprehendere
1314 3144 1426 3196 coner,
1456 3125 1516 3185 lux
1539 3125 1642 3189 michi

358 3226 445 3289 ante,
473 3234 572 3294 quarn
610 3220 730 3296 pagina
767 3215 906 3277 deficiet.
947 3212 1122 3293 Siquidem
1157 3219 1371 3292 omnipotens
1405 3214 1563 3275 dominus
1597 3215 1642 3277 ad

359 3305 492 3366 laudern
517 3317 550 3365 et
574 3305 712 3385 gToriam
738 3309 881 3365 nominis
899 3308 959 3368 sui.
985 3323 1043 3383 per
1069 3308 1341 3365 intercessionem
1363 3303 1476 3365 militis
1499 3312 1533 3363 et
1556 3322 1645 3365 mar·

358 3399 441 3472 tyris
472 3399 523 3456 sui
555 3396 704 3456 eiusdem
733 3395 839 3454 sancti
864 3393 1067 3466 ll'enceslai,
1101 3393 1267 3471 quosdam
1300 3413 1318 3453 e
1350 3411 1485 3453 carcere
1516 3394 1646 3468 eximit,

359 3483 471 3563 plures
495 3504 514 3543 a
539 3483 686 3559 vinculis
710 3484 794 3544 alios
818 3484 860 3545 de
877 3483 1030 3544 cladibus
1054 3485 1104 3544 vel
1126 3485 1264 3545 dirersis
1280 3482 1526 3542 infirmitatibus
1549 3487 1647 3559 eruit,

359 3574 403 3633 de
426 3573 703 3636 tribulacionibus
732 3583 766 3633 et
790 3574 1046 3634 necessitatibus
1079 3575 1176 3634 variis
1211 3585 1245 3631 et
1276 3572 1320 3631 ab
1344 3574 1486 3631 inimicis
1511 3570 1644 3634 visibili·

360 3662 423 3722 bus
458 3675 491 3723 et
516 3663 736 3724 invisibilibus
768 3663 895 3723 liberat.
937 3660 973 3722 ln
1003 3661 1092 3721 bello
1127 3664 1235 3721 eciam
1268 3662 1541 3721 concertantibus
1564 3681 1648 3739 sepe

360 3753 445 3813 deus
462 3752 561 3814 huius
577 3757 684 3813 sancti
706 3752 1024 3829 supplicationibus,
1047 3744 1223 3810 miraculis
1244 3748 1536 3829 laudabilibusque
1549 3749 1649 3813 lactis

361 3845 534 3916 sustinet,¹¹²
563 3860 680 3902 omnes
704 3839 940 3901 ll'enceslaum
967 3854 1127 3900 vocantes
1158 3839 1303 3912 adiuvat,
1334 3842 1418 3900 sicut
1447 3844 1554 3917 ipsum
1578 3859 1647 3901 non

362 3930 463 3990 semel
487 3950 597 4010 neque
614 3934 673 3994 bis
698 3931 778 3991 dum
795 3939 933 4009 pereat-²
957 3933 1038 3989 vivis
1061 3943 1095 3988 et
1119 3929 1216 3990 claris
1239 3931 1342 4008 signis
1362 3927 1558 3989 adiuverat.⁰

452 4120 479 4156 a=
500 4104 574 4169 Rkp.
595 4107 640 4156 nra
661 4107 793 4172 ratrnvm
813 4105 953 4170 omylem:
973 4104 1062 4155 rudis.
1081 4104 1112 4154 b·
1133 4102 1161 4154 P.
1182 4103 1313 4155 Athanas
1329 4103 1383 4153 zde
1396 4104 1536 4169 navrhuje
1554 4103 1648 4157 eteni:

364 4193 472 4228 rursus.
491 4193 514 4236 c¹
540 4176 564 4226 l'
591 4178 729 4241 rukopise
747 4179 775 4244 je
795 4179 880 4228 misto
900 4176 1009 4227 domini
1028 4176 1153 4227 carceris
1172 4204 1206 4211 -
1225 4185 1400 4225 statuentes:
1426 4174 1532 4240 »ipsius
1551 4174 1649 4228 liberis

363 4249 510 4314 gressibus
530 4259 683 4308 statuere«,
712 4251 763 4300 coi
784 4248 896 4299 nedavai
916 4249 1030 4314 smyslu.
1051 4246 1186 4297 Nabradil
1209 4249 1284 4314 isern
1306 4248 1451 4312 porusene
1470 4246 1557 4297 misto
1575 4246 1647 4299 kon-

362 4321 507 4386 jclrturou.
529 4319 620 4371 Totei
640 4321 709 4385 p'ati
730 4337 747 4372 o
767 4321 853 4372 konci
873 4321 939 4386 very
959 4335 977 4369 o
991 4319 1065 4386 cxvii
1085 4318 1176 4381 'ridkv
1190 4320 1269 4382 niieg
1288 4329 1346 4369 tarn
1360 4319 1406 4368 zni
1419 4317 1553 4382 posledni
1564 4317 1649 4371 slovo

364 4407 381 4441 v
402 4392 556 4456 rukopisu:
585 4392 675 4443 iussit.
705 4391 809 4442 Poloii}
837 4393 910 4459 jsern
937 4389 1023 4441 misto
1048 4392 1133 4441 tolno:
1161 4391 1257 4441 iussus
1278 4399 1329 4439 est.
1363 4388 1389 4438 P.
1415 4390 1545 4441 ¹&titanas
1563 4391 1649 4443 ictu:

367 4463 485 4528 ›ipsius‹
511 4473 564 4516 etc.
584 4458 678 4516 viibec
698 4464 845 4530 synechal.
866 4462 1041 4513 Bollandiste
1061 4462 1115 4513 zde
1131 4461 1272 4527 viriadaji:
1295 4461 1415 4511 ›iudex‹
1437 4475 1454 4509 a
1475 4460 1548 4518 »id«,
1565 4461 1649 4514 iussit

363 4535 539 4601 podriujz'ce.
577 4536 603 4600 d,
628 4534 654 4585 Υ
673 4537 733 4599 rkp.
755 4547 804 4586 aut
850 4551 866 4586 e
899 4533 923 4583 V
944 4534 1005 4599 rkp.
1026 4536 1117 4585 iussit.
1148 4547 1156 4582 z
1189 4531 1288 4598 l'rkp.
1309 4531 1383 4582 ferri.
1421 4546 1439 4598 g
1473 4530 1650 4586 Bollandiste

363 4608 508 4674 opraruji:
528 4608 555 4657 in
577 4624 650 4659 rure.
671 4606 697 4657 P.
719 4607 861 4658 Athenas:
881 4607 948 4658 ruri.
968 4608 987 4656 h
1020 4605 1047 4655 P.
1067 4606 1196 4655 Athanas
1215 4605 1367 4671 epravuje:
1387 4603 1522 4654 candens
1542 4605 1551 4655 i
1575 4603 1650 4671 Rkp.

364 4679 453 4730 iussit.
480 4679 498 4730 k
530 4677 602 4743 Rvp.
624 4681 738 4731 iunctrs
767 4677 781 4743 :j
806 4677 832 4728 P.
854 4680 983 4731 ‚athanas
1002 4677 1155 4744 opravnie:
1175 4677 1291 4727 meritis.
1312 4692 1346 4738 m,
1373 4675 1391 4724 Ρ
1419 4675 1548 4726 Athanas
1565 4692 1650 4742 opra-

364 4750 430 4816 vuje
463 4751 625 4802 :succurrit
664 4767 681 4800 n
715 4749 887 4801 PAthanas
907 4764 1058 4816 opravuje:
1079 4757 1218 4813 praeerat.
1249 4745 1276 4813 o,
1304 4747 1379 4812 Rkp.
1404 4747 1464 4798 ma:
1489 4746 1651 4800 adiuvant.
