3917 5742
433 663 484 712 146
797 661 819 730 J.
839 660 945 716 Pekai:
965 661 1105 731 Nejstaril
1124 664 1246 718 kronika
1265 664 1362 718 ieska.

433 839 565 902 occulte
590 839 779 918 posterulas
804 861 913 923 agens,
938 852 1055 906 ruente
1080 843 1150 906 sole
1175 847 1207 906 in
1233 864 1392 908 occasum
1425 843 1583 908 clancule
1609 843 1754 906 clerico

432 929 584 1010 quolibet
600 932 773 1005 accersito,
790 941 921 1008 cuncta,
945 952 1011 1012 que
1034 935 1099 995 sibi
1123 933 1272 1013 proficua
1289 943 1392 1010 erant,
1417 943 1518 998 nocte
1534 932 1753 1014 addiscenS,

433 1017 628 1097 crepusculo
660 1018 891 1081 illucescente·
923 1021 1132 1084 didascalum
1164 1042 1223 1084 seu
1254 1024 1319 1085 sibi
1348 1022 1507 1086 clericum
1540 1039 1673 1086 carum
1702 1020 1754 1082 la·

431 1115 540 1169 tenter
579 1110 672 1169 abire
711 1109 850 1170 sinebat.
900 1106 1212 1192 Codicellulumque
1250 1130 1347 1174 suum
1394 1111 1557 1176 occulens
1600 1112 1755 1192 subque

430 1191 594 1277 tegmineb
616 1204 761 1278 gestans,
793 1199 985 1279 ubicunque
1020 1201 1129 1261 locum
1161 1202 1283 1281 quietis
1315 1202 1514 1280 reperiebat,
1546 1219 1634 1264 eum
1665 1218 1753 1262 cum

432 1285 612 1367 diligencia
637 1285 811 1348 lectitabat
835 1297 869 1348 et
893 1308 969 1349 cum
994 1291 1120 1368 gemitu
1145 1291 1274 1350 interno
1299 1291 1342 1352 de
1366 1291 1495 1353 duricia
1527 1288 1655 1353 cordis
1685 1307 1754 1367 po·

432 1374 502 1455 puli
533 1377 583 1436 sui
616 1384 650 1435 et
682 1378 825 1436 cecitate
856 1378 906 1437 vel
941 1377 1175 1439 incredulitate
1211 1378 1349 1441 dolebat
1383 1381 1533 1443 nimium.
1572 1377 1754 1442 Tandem

431 1461 641 1525 confortatus
666 1484 686 1525 a
710 1465 776 1525 deo
801 1472 835 1524 et
851 1468 971 1526 virtute
996 1486 1033 1527 se
1058 1468 1262 1548 precingens,
1281 1476 1385 1529 matre
1408 1488 1468 1530 sua
1492 1469 1754 1549 universisque

432 1554 599 1630 primariis
623 1554 749 1626 accitis,
781 1562 818 1613 ut
842 1553 963 1628 decuit,
996 1556 1186 1633 increpavit,
1219 1557 1506 1636 quemadmodum
1541 1557 1753 1638 sapienciec

432 1642 516 1704 liber
538 1649 696 1703 testatur:
722 1641 833 1703 Verba
866 1644 1076 1719 sapiencium
1107 1647 1202 1724 quasi
1235 1645 1357 1707 stimuli
1390 1656 1424 1707 et
1456 1646 1548 1708 velut
1587 1644 1685 1708 clavi
1714 1647 1752 1708 in

431 1730 535 1792 altum
561 1729 662 1792 defixi
689 1724 793 1814 [Eccl.
814 1730 951 1807 (nikoliv
971 1730 1182 1815 Sapienciae)
1204 1732 1251 1809 12,
1280 1728 1342 1816 11].
1367 1728 1453 1797 Sedd
1476 1736 1603 1798 beatus
1630 1734 1751 1797 Wen·

433 1820 579 1882 ceslaus:
612 1817 689 1893 Cur,
722 1821 838 1900 inquit,
870 1818 926 1881 filii
958 1821 1196 1883 sceleratorum
1222 1830 1254 1884 et
1278 1842 1392 1885 semen
1417 1823 1568 1886 mendax
1605 1826 1753 1905 virique

433 1907 545 1988 iniqui,
582 1907 803 1985 prohibuistis
836 1928 890 1970 me
914 1908 1045 1971 discere
1069 1909 1175 1990 legem
1200 1911 1328 1973 domini
1351 1914 1456 1974 nostri
1480 1911 1560 1992 Jesu
1589 1909 1752 1976 Christri

430 2008 465 2059 et
490 1998 725 2076 obtemperare
742 1997 907 2059 mandatis
931 1997 1038 2059 illius?
1062 1996 1162 2076 Quod
1187 2000 1290 2062 sivos
1317 2002 1411 2063 tedet
1435 1997 1570 2064 Christo
1599 2002 1752 2079 servire,

432 2106 491 2148 cur
508 2085 627 2147 saltem
643 2095 775 2147 ceteros
791 2085 981 2164 impeditis?
1006 2086 1078 2167 Ego
1103 2106 1181 2147 vero
1206 2090 1232 2149 si
1251 2087 1411 2151 hactenus
1435 2098 1545 2151 vestra
1572 2090 1643 2153 sub
1665 2111 1751 2172 pro·

431 2175 584 2236 videncia
616 2174 668 2236 vel
696 2183 866 2252 potestate
896 2174 1004 2255 degui,
1040 2177 1213 2236 ammodoe
1236 2185 1347 2238 tamen
1379 2177 1458 2240 illud
1490 2198 1632 2256 respu0,
1672 2179 1749 2242 deo

432 2264 677 2342 cunctipotenti
701 2266 833 2324 sincero
858 2283 903 2325 ex
927 2264 1039 2324 animo
1065 2265 1230 2326 deservire
1254 2268 1363 2343 cupio.

524 2350 607 2414 Orta
632 2360 684 2413 est
708 2353 928 2430 postmodum
959 2372 1021 2432 pro
1054 2353 1203 2415 eiusdem
1236 2356 1284 2415 rei
1312 2375 1413 2416 causa
1437 2356 1609 2437 variisque
1636 2357 1756 2421 rebus

433 2443 507 2503 aliis
531 2441 671 2503 dissidio
697 2442 892 2521 pergrandis
908 2443 997 2502 viros
1022 2441 1105 2502 inter
1129 2444 1222 2521 ipsos
1239 2444 1420 2520 primarios,
1445 2445 1502 2524 qui
1518 2443 1621 2507 lateri
1639 2445 1755 2510 ducis

433 2531 577 2607 religiosi
610 2530 818 2604 inherebant,
852 2538 886 2590 et
910 2531 995 2591 inter
1019 2529 1172 2610 reliquos,
1204 2533 1259 2611 qui
1284 2542 1395 2609 partes
1420 2533 1653 2613 nequissimas
1682 2535 1756 2598 <lo-

432 2621 523 2682 mine
547 2621 648 2698 impie
672 2621 840 2681 iuvabant.
882 2618 1054 2698 Divisique
1078 2629 1154 2680 sunt
1178 2620 1358 2682 consiliarii
1382 2622 1412 2681 in
1438 2622 1582 2683 invicem
1611 2633 1650 2686 et
1679 2629 1754 2704 pri·

432 2716 540 2770 mates
563 2718 652 2770 terre
677 2708 993 2786 discordiarumque
1018 2710 1104 2768 inter
1127 2726 1186 2768 eos
1210 2710 1304 2785 spine
1329 2709 1576 2786 pullulaverunt
1595 2713 1644 2774 ad
1665 2733 1754 2776 san·

432 2800 542 2879 guinis
567 2816 673 2877 usque
691 2796 899 2859 effusionem.
926 2795 1055 2856 Verum
1078 2815 1154 2873 pars
1178 2797 1346 2871 iustorum,
1372 2799 1449 2860 licet
1473 2800 1615 2862 minima
1642 2799 1754 2880 foret,

433 2885 598 2966 prevaluit
620 2896 734 2947 tamen
759 2886 919 2945 adversus
944 2895 1073 2961 partem
1109 2883 1348 2960 multimodam,
1373 2896 1409 2949 ut
1432 2901 1576 2967 semper,
1604 2892 1755 2973 iniquo·

433 2995 516 3037 rum.
542 2974 630 3036 Nam
648 2993 782 3053 semper
806 2982 1014 3034 memoratus
1039 2974 1110 3035 dux
1134 2971 1354 3036 Wenceslaus
1377 2975 1538 3038 sollicitus
1556 2978 1602 3040 de
1620 2984 1754 3044 nanci-

433 3059 571 3126 scendaf
598 3082 690 3140 pace,
708 3063 823 3142 spiritu
839 3063 902 3124 sibi
919 3072 1037 3123 sancto
1053 3062 1244 3139 inspirante,
1262 3064 1365 3124 corde
1382 3064 1556 3127 consilium
1576 3072 1754 3147 captavit,

433 3173 502 3234 quo
526 3155 723 3234 genitricem
754 3169 861 3224 suam,
893 3168 958 3229 que
991 3168 1092 3210 causa
1123 3151 1231 3210 tocius
1262 3153 1413 3231 nequicie
1445 3155 1577 3229 inerat,¹
1600 3169 1754 3235 protur-

432 3240 544 3304 baret¹¹
569 3261 587 3302 e
612 3241 727 3319 patria,
752 3240 907 3320 quatinus
931 3256 970 3300 ea
995 3238 1162 3317 propulsa,
1187 3241 1379 3320 cunctisque
1404 3249 1649 3307 consentaneis
1668 3250 1755 3310 eius

432 3332 509 3392 viris
531 3330 649 3407 impiis,
673 3330 812 3389 invicem
838 3326 930 3388 iuror
954 3326 1194 3387 discordiarum
1226 3331 1392 3404 sopiretur
1427 3348 1564 3410 paxque
1589 3334 1754 3399 ecclesie

432 3418 554 3483 Christi
580 3426 799 3491 accresceret,
823 3433 926 3476 unum
950 3416 1164 3495 eundemque
1188 3416 1359 3478 dominum
1383 3420 1494 3480 cuncti
1515 3423 1753 3498 possidentes

431 3528 546 3571 veram
571 3505 694 3568 Christi
729 3505 920 3566 doctrinam
956 3502 1193 3581 perfectissime
1230 3503 1448 3579 addiscerent,
1486 3506 1754 3594 dispositisque

432 3600 572 3672 cunctis,
605 3614 670 3675 que
695 3594 738 3655 ad
765 3611 883 3672 pacem
908 3595 999 3672 regni
1024 3592 1188 3669 pertinere
1212 3596 1441 3671 cernebantur,
1465 3599 1684 3674 proturbatis
1713 3613 1754 3665 et

432 3686 585 3763 expulsis
608 3683 682 3745 filiis
707 3682 885 3754 discordie,
910 3683 1097 3758 composita
1122 3682 1239 3759 quiete,
1264 3691 1403 3744 matrem
1429 3703 1542 3746 rursus
1567 3704 1651 3748 cum
1680 3691 1753 3754 ho-

432 3795 515 3837 nore
548 3774 591 3835 ad
625 3772 761 3852 propria
794 3779 977 3831 revocaret.
1017 3765 1092 3845 Que
1127 3779 1254 3845 cuncta,
1291 3771 1421 3832 iuvante
1446 3791 1481 3833 se
1506 3773 1632 3849 opifice
1660 3777 1752 3858 de0,

432 3884 537 3943 opere
562 3861 751 3938 complevit.
777 3858 864 3920 Nam
897 3866 1038 3917 matrem
1063 3875 1164 3936 regno
1189 3876 1265 3918 cum
1289 3860 1456 3921 dedecore
1488 3864 1646 3925 maximo
1683 3887 1752 3946 pe-

432 3953 524 4033 pulit,
550 3951 685 4031 dignam
711 3950 740 4010 ei
765 3947 932 4008 ulcionem
957 3945 1188 4022 omnipotente
1204 3944 1269 4006 deo
1288 3947 1448 4010 reddente
1465 3951 1509 4010 ob
1526 3950 1751 4020 effusionem

432 4041 602 4118 sanguinis
637 4030 835 4098 innocentisi
864 4035 963 4094 beate
999 4032 1159 4109 Ludmile‚
1193 4029 1309 4111 quemk
1341 4055 1441 4098 causa
1475 4033 1554 4099 sine¹
1584 4037 1749 4110 fuderat.

432 4128 501 4193 Sed
525 4128 685 4207 quoniam
708 4126 829 4186 timore
853 4132 956 4195 casto,
982 4124 1037 4200 qui
1062 4131 1235 4199 permanet
1259 4126 1290 4183 in
1308 4124 1456 4186 seculum
1481 4127 1593 4202 seculi,
1611 4130 1751 4207 plenus

433 4229 514 4292 erat,
539 4234 668 4278 memor
693 4223 932 4291 preceptorum
957 4211 1150 4282 divinorum,
1175 4211 1294 4290 quibus
1318 4223 1447 4290 patrem
1472 4214 1644 4281 honorare
1682 4222 1749 4285 de·

432 4310 552 4369 bemus
578 4316 612 4367 et
630 4312 782 4377 matrem,
806 4319 881 4362 eam
908 4319 1020 4360 rursus
1044 4309 1196 4376 tempore
1220 4298 1334 4378 elapso
1360 4301 1503 4377 reduxit,
1527 4322 1648 4368 verum
1677 4309 1750 4372 ho-

432 4415 515 4457 nore
541 4395 790 4456 dominacionis
814 4392 952 4468 pristine
977 4391 1083 4449 caruit
1107 4406 1213 4467 usque
1238 4388 1279 4448 ad
1305 4390 1415 4451 obitus
1440 4394 1491 4451 sui
1516 4392 1619 4454 diem.
1665 4395 1748 4464 Sed

525 4509 810 4615 aith-[ntuscente
842 4545 871 4616 b)
893 4545 945 4597 Un.
965 4544 1102 4610 tegimine
1139 4541 1165 4608 c)
1185 4541 1237 4624 .U⁰·
1258 4543 1328 4595 liber
1347 4545 1500 4626 sapiencie.
1530 4546 1560 4613 d)
1580 4547 1663 4617 Kap.
1685 4555 1749 4610 do.

434 4623 524 4676 dara:
550 4623 651 4689 inquit.
684 4618 711 4687 e)
732 4616 927 4699 Unamodo.
956 4613 978 4682 l)
999 4615 1070 4679 Kap.
1097 4615 1298 4666 nanscicenrla.
1326 4612 1354 4682 g)
1375 4613 1430 4699 Un3
1454 4616 1574 4670 mherat.
1606 4619 1639 4691 h)
1662 4623 1749 4696 Καρ,

436 4690 772 4834 ssessgrtssqggt,cgqlsl{ap.
800 4704 868 4740 mno
895 4694 1016 4740 centem.
1046 4685 1075 4753 k)
1094 4684 1168 4750 Kap.
1194 4698 1290 4749 quam.
1317 4685 1369 4737 Un.
1396 4687 1533 4751 puvodne
1559 4690 1606 4742 tei
1634 4707 1748 4761 quam,
