3917 5742
841 680 975 746 Kapitola
997 680 1105 734 desita.
1567 686 1618 735 167

425 860 510 924 Nam
534 862 614 923 urbs
639 860 793 940 quedam,
817 861 953 923 Kurzim
976 871 1105 938 vocata,
1129 861 1296 941 populosa
1320 862 1400 923 dum
1418 871 1495 938 erat,
1513 864 1621 926 extol·

333 952 411 1014 litur
435 959 536 1029 atque
560 955 719 1030 principe,
753 955 811 1030 qui
835 955 950 1027 inerat,
975 952 1052 1014 huic
1077 959 1195 1013 sancto
1228 955 1382 1014 resistere
1414 952 1621 1015 moliebatur.

334 1040 403 1104 Sed
427 1041 508 1101 dum
533 1048 674 1118 utraque
699 1048 793 1117 parte
826 1049 876 1101 sat
901 1040 994 1103 cedis
1018 1039 1142 1102 factum
1167 1039 1293 1116 fuisset,
1326 1042 1516 1103 consultum
1540 1062 1621 1103 mox

337 1131 492 1192 omnibus
521 1129 653 1206 placuit,
685 1137 721 1189 ut
746 1133 774 1191 si
798 1133 872 1209 quis
897 1130 1021 1191 ducum
1046 1130 1180 1191 duobus
1203 1131 1439 1192 tantummodo
1465 1130 1622 1193 dimican-

333 1221 430 1281 tibus
454 1222 559 1280 victor
576 1222 746 1297 existeret,
770 1220 841 1295 ipse
859 1238 992 1297 preesse
1018 1214 1049 1302 [f.
1067 1213 1136 1302 snb]
1157 1219 1306 1281 deberet.
1331 1218 1419 1280 Dum
1437 1220 1623 1297 procedunt

335 1311 439 1370 duces
463 1308 625 1389 congredi
657 1308 812 1381 volentes,
843 1307 1036 1369 Kurimensi
1068 1307 1200 1370 celestis
1225 1309 1308 1370 deus
1332 1308 1474 1371 celestes
1497 1319 1624 1371 reserat

333 1401 491 1472 visioneS,
516 1405 670 1459 sanctum
701 1397 855 1458 videlicet
880 1396 1119 1458 Wenceslaum
1151 1401 1341 1478 ymaginem
1375 1402 1484 1460 crucis
1508 1408 1624 1460 sancte

335 1491 369 1549 in
395 1486 504 1548 fronte
528 1489 689 1547 nitentem
714 1494 855 1563 portare.
882 1485 956 1546 Hec
980 1495 1018 1548 ut
1040 1486 1131 1557 vidit,
1156 1488 1252 1567 longe
1278 1488 1419 1549 abiectis
1444 1492 1554 1562 armiS,
1579 1488 1622 1550 ad

335 1577 441 1654 pedes
458 1576 530 1651 ruit,
555 1576 882 1654 protestabaturque,
900 1575 1025 1636 nullum
1051 1594 1150 1653 posse
1173 1583 1245 1636 tum
1268 1579 1410 1649 vincere,
1435 1576 1513 1637 dum
1539 1578 1624 1639 deus

334 1664 433 1726 vellet
459 1668 491 1726 in
514 1665 571 1725 tali
596 1666 691 1744 signo
716 1667 869 1725 iuvamen
894 1662 988 1725 ferre.
1029 1664 1129 1726 Hune
1153 1664 1233 1726 talia
1258 1674 1448 1727 narrantem
1473 1670 1505 1728 in
1531 1670 1624 1745 pacis

336 1753 450 1816 oscula
476 1754 547 1814 dux
578 1761 715 1816 sanctus
739 1753 891 1814 sublevat
914 1761 1016 1832 atque
1037 1758 1145 1833 ipsum
1164 1757 1400 1834 civitatemque
1416 1774 1475 1816 sue
1500 1755 1624 1817 dicioni

336 1842 475 1922 pacifice
499 1842 617 1917 firmat,
644 1842 774 1903 donans
798 1840 844 1903 illi
869 1844 1035 1904 civitatem
1060 1861 1184 1922 regere,
1209 1844 1368 1921 quamdiu
1394 1847 1518 1906 viveret
1542 1847 1623 1921 ipse.

338 1932 427 1994 Vere
453 1951 586 1993 crucem
622 1931 759 2006 viderat,
791 1934 869 2011 quia
894 1928 1063 1994 Christum
1097 1933 1302 2010 imitabatur,
1332 1931 1526 2012 feliciusque
1551 1952 1622 2012 per·

335 2022 424 2082 venit
448 2021 490 2082 ad
516 2040 663 2103 regnum,
687 2022 746 2082 ubi
769 2017 921 2083 Christus
946 2029 1063 2101 regnat
1087 2040 1163 2083 cum
1188 2030 1283 2100 patre
1308 2030 1341 2083 et
1365 2026 1481 2101 spiritu
1507 2031 1624 2084 sancto

337 2115 370 2173 in
395 2110 515 2172 secula.
