3917 5742
429 1434 583 1511 INCIPIT
607 1455 707 1511 vira
723 1455 779 1511 ET
796 1456 934 1510 Passio
951 1456 1101 1513 SANCTI
1124 1434 1374 1513 usnemun
1389 1457 1445 1511 ET
1461 1456 1625 1511 saneris

339 1540 534 1618 Luumtu
558 1564 656 1618 Avia
679 1562 798 1620 Erusa

431 1677 589 1766 [Prologl
623 1682 769 1745 Domino
794 1692 827 1743 et
850 1693 901 1744 ter
925 1683 1024 1743 beato
1049 1690 1165 1743 sancte
1197 1680 1337 1742 ecclesie
1369 1681 1421 1742 dei
1454 1681 1626 1763 Pragensis
1647 1699 1767 1766 Fontes,

340 1771 490 1833 secundo
514 1771 662 1849 pontifici
686 1772 873 1844 Adalberto
906 1769 1107 1833 humillimus
1139 1778 1172 1830 et
1203 1773 1351 1831 omnium
1383 1771 1625 1832 monachorum
1653 1772 1675 1833 I,
1696 1774 1756 1828 199.

338 1881 400 1922 nec
425 1860 587 1922 dicendus
611 1861 742 1923 iniimus
766 1861 876 1936 irater,
907 1855 996 1922 solob
1028 1861 1162 1921 nomine
1195 1857 1409 1935 Christianus,
1435 1862 1468 1921 in
1492 1858 1625 1923 Christo

341 1949 415 2012 lesu
441 1951 608 2029 prosperis
632 1953 859 2013 successibusc
883 1949 926 2011 ad
950 1958 1027 2011 vota
1052 1947 1187 2026 pollere.

429 2040 623 2101 Passionem
640 2040 728 2102 beati
747 2038 937 2101 Wenceslai
955 2037 1052 2099 simul
1070 2057 1145 2098 cum
1161 2032 1249 2098 aviad
1272 2057 1331 2099 sua
1349 2038 1446 2099 beate
1463 2041 1624 2099 memorie

339 2128 501 2203 Ludmita,
534 2130 590 2208 qui
620 2129 710 2190 velut
740 2148 826 2190 nova
858 2128 967 2191 sidera
999 2127 1123 2189 lumine
1147 2128 1303 2188 virtutum
1326 2146 1462 2189 suarum
1487 2130 1626 2204 patriam

336 2221 434 2279 su'am
462 2217 653 2279 Bohemiam
678 2238 754 2280 cum
779 2218 868 2280 omni
892 2215 987 2279 simul
1012 2226 1112 2300 gente
1136 2216 1302 2290 irradiant,
1328 2216 1464 2278 diversis
1489 2236 1626 2296 compo·

339 2308 520 2368 sicionibus
551 2315 585 2367 et
615 2326 683 2368 non
715 2308 856 2388 pleniter
886 2307 1058 2368 disertame
1083 2308 1259 2385 reperiens
1295 2306 1432 2386 dignum
1465 2306 1555 2381 duxi,
1590 2315 1627 2367 ut

338 2407 481 2458 vestram
505 2396 723 2471 sanctitatem,
752 2397 807 2476 qui
831 2416 875 2457 ex
899 2396 1021 2458 eodem
1046 2396 1178 2457 tramite
1200 2396 1320 2456 lineam
1345 2397 1536 2477 propaginis
1558 2404 1626 2457 tra·

337 2487 422 2559 hitis,
446 2485 581 2560 adirem,
605 2506 672 2565 quo
690 2507 735 2546 ex
750 2486 895 2547 iussione
919 2494 1028 2547 vestra
1052 2483 1148 2546 simul
1172 2493 1205 2544 et
1229 2482 1366 2545 licencia
1390 2484 1500 2565 aliquo
1525 2484 1627 2546 modo

336 2594 413 2636 eam
437 2577 647 2653 corrigerem,
678 2575 728 2636 vel
761 2577 787 2636 si
811 2594 876 2654 qua
900 2575 1066 2649 deessent,
1099 2573 1169 2643 hos
1202 2574 1256 2653 qui
1289 2572 1399 2634 adhuc
1430 2574 1625 2651 superstites

336 2674 459 2737 essent,
495 2682 592 2724 senes
624 2683 682 2725 seu
714 2663 887 2744 religiosos
923 2683 1084 2743 quosque,
1120 2666 1176 2742 qui
1205 2682 1324 2738 eorum
1355 2672 1448 2744 gesta
1480 2663 1530 2724 vel
1555 2665 1626 2724 acie

336 2752 512 2814 oculorum
539 2753 723 2814 hausissent
747 2773 806 2815 seu
831 2752 946 2814 auditu
972 2751 1112 2813 aliorum
1149 2752 1342 2813 narracione
1375 2756 1627 2830 comperissent,

338 2836 567 2919 percontarerf
585 2852 684 2922 atque
710 2842 778 2903 hicg
802 2842 971 2904 adderem.
1005 2839 1106 2919 Quod
1138 2840 1426 2902 eciamsollicitus
1457 2840 1504 2903 fui
1529 2861 1628 2923 agere

339 2950 406 2992 non
431 2930 593 2992 iactancie
618 2931 791 2994 cuiusdam
824 2951 933 3006 causa,
966 2934 1090 3011 quippe
1115 2949 1190 2992 cum
1216 2924 1431 2991 omnimodish
1456 2932 1627 3009 imperitus

338 3014 409 3081 simi
431 3038 585 3081 sermone
609 3030 643 3081 et
666 3022 709 3081 ab
734 3023 825 3082 omni
850 3020 963 3099 lepore
989 3022 1166 3082 verborum
1198 3029 1393 3081 extraneus:
1426 3021 1575 3099 quamvis
1599 3023 1626 3081 si

338 3111 400 3169 hec
425 3121 546 3170 cuncta
570 3110 603 3170 in
629 3120 785 3188 promptu
809 3109 926 3185 forent,
951 3108 1057 3170 moles
1073 3119 1185 3171 tamen
1202 3108 1432 3187 peccaminum
1449 3108 1492 3169 ad
1510 3110 1627 3171 merita

334 3210 506 3259 tantorum
530 3198 737 3277 propalanda
762 3200 933 3261 devitaret.
973 3197 1041 3260 Sed
1066 3199 1144 3279 quia
1169 3199 1298 3277 inepcie
1329 3207 1442 3259 nostre
1474 3198 1628 3259 simulet

338 3288 474 3369 pigricie
492 3290 637 3349 maxime
661 3298 746 3361 sunt,
772 3289 882 3351 studia
907 3282 1059 3368 quoquek
1082 3295 1206 3361 nostra,
1234 3287 1351 3349 studiis
1376 3287 1628 3349 scolasticorum

337 3387 541 3455 comparata,
565 3376 676 3439 studia
692 3397 765 3439 esse
790 3377 962 3452 desistunt,
987 3397 1053 3438 non
1079 3377 1262 3455 desperans
1286 3376 1329 3438 de
1345 3379 1441 3438 venia
1465 3379 1509 3438 ob
1535 3396 1629 3438 enon·

336 3468 486 3527 mitatem
510 3467 692 3543 criminum,
717 3476 816 3545 prout
839 3469 923 3529 vires
946 3461 1156 3540 suffecerint,l
1179 3486 1223 3526 ex
1247 3465 1457 3528 adiuvamine
1481 3468 1629 3546 ipsorum

337 3564 529 3616 sanctorum
554 3555 734 3630 confidens,
758 3554 794 3616 ut
810 3576 846 3618 se
863 3576 916 3617 res
932 3556 1063 3630 habeat,
1088 3556 1262 3637 aggrediar
1286 3574 1427 3616 exarare
1450 3556 1534 3617 stilo.
1559 3553 1627 3617 Sed

335 3644 370 3705 in
403 3647 517 3722 primis
554 3644 617 3705 hoc
650 3645 839 3720 dicendum,
875 3646 966 3726 quod
1000 3645 1026 3705 si
1057 3644 1197 3706 taliumm
1222 3653 1357 3724 tamque
1390 3647 1627 3723 precipuorum

338 3743 530 3795 sanctorum
566 3743 667 3814 atque
702 3734 913 3812 ydoneorum
949 3736 1084 3797 testium
1121 3731 1242 3796 Christi
1276 3733 1374 3815 gleba
1413 3734 1444 3795 in
1479 3735 1629 3812 partibus

339 3821 619 3904 Lutheringorum
642 3843 702 3885 seu
735 3821 964 3905 Carlingorum
996 3833 1224 3884 ceterarumve
1253 3823 1521 3884 christianarumn
1550 3842 1628 3904 gen·

334 3914 425 3972 cium
449 3914 684 3988 contineretur,
709 3913 901 3993 insignium⁰
925 3913 1160 3974 miraculorum
1184 3912 1358 3974 virtutibus
1376 3932 1524 3988 vernans,
1550 3911 1628 3973 olim

333 4012 430 4079 gesta
457 4002 518 4061 hec
543 4003 658 4077 aureis,
688 4011 725 4063 ut
748 4004 794 4063 ita
818 4001 970 4074 dixerim,
995 4002 1146 4081 apicibus
1179 4001 1417 4081 depinxissent,
1449 4021 1629 4079 responso-

338 4090 462 4151 riorum
499 4091 681 4152 cantilenap
715 4109 793 4152 curn
832 4091 997 4166 antifonis,
1037 4092 1175 4153 adiectis
1211 4110 1403 4153 sermonum
1440 4093 1628 4153 exortacio-
1651 4105 1768 4170 Fontes,

338 4179 451 4239 nibusq
472 4180 697 4253 decorassent‚
722 4200 798 4242 curn
823 4181 1040 4260 plurimorum
1058 4180 1210 4241 menibus
1227 4181 1455 4254 cenobiorum,
1480 4180 1629 4260 quamvis
1661 4176 1680 4237 1,
1701 4180 1762 4228 200.

427 4373 454 4430 a)
475 4370 527 4423 Un.
548 4372 593 4423 ma
612 4385 720 4437 pouze:
748 4372 813 4425 Vita
833 4379 933 4425 sancte
952 4371 1098 4424 Ludmille
1121 4371 1265 4438 incipitur.
1291 4370 1345 4424 Un.
1367 4371 1393 4424 b.
1414 4370 1519 4438 pocini
1545 4371 1622 4426 bned

337 4442 495 4509 prologem.
526 4444 555 4506 b)
576 4443 628 4495 Un.
655 4451 780 4497 sanctus.
810 4444 836 4510 c)
857 4444 928 4509 Kap.
954 4443 1183 4496 successoribus.
1210 4443 1239 4510 dl
1259 4442 1312 4495 Un,
1339 4457 1433 4508 avera,
1462 4458 1499 4508 po
1525 4444 1624 4495 strand

338 4527 500 4579 opraveno:
523 4514 609 4577 awia;
635 4513 708 4581 Kap.
727 4531 781 4567 ava
805 4532 821 4567 a
847 4532 865 4567 v
887 4515 1019 4581 ›incipit‹
1048 4530 1110 4565 ave.
1131 4515 1158 4580 e)
1179 4513 1233 4566 Un.
1260 4514 1414 4566 desertam.
1440 4513 1461 4581 f)
1481 4514 1535 4566 Un.
1561 4530 1625 4579 per·

338 4593 497 4636 cunctarer.
517 4586 545 4652 g)
565 4584 636 4650 Kap.
656 4585 717 4638 hec.
739 4584 768 4653 n)
788 4586 842 4639 Un.
856 4587 990 4639 omnibus
1007 4586 1110 4638 modis.
1131 4584 1150 4653 i)
1171 4585 1241 4653 Kap.
1257 4601 1329 4637 sum.
1349 4586 1378 4651 k)
1400 4584 1471 4651 Kap.
1492 4600 1509 4637 a
1529 4584 1582 4637 Un.
1597 4586 1623 4638 b.

338 4669 403 4721 que.
436 4657 454 4716 l)
475 4655 527 4708 Un.
547 4655 722 4709 sufficerent.
755 4657 794 4724 m)
814 4658 866 4710 Un.
893 4657 1043 4724 quomodo
1069 4658 1110 4710 sic
1135 4657 1230 4709 alium.
1264 4655 1293 4723 n)
1313 4656 1450 4724 Vseclrny
1476 4658 1537 4723 rkp.
1559 4657 1627 4724 maji

334 4728 574 4791 christianorum
596 4726 666 4792 Kap.
686 4729 732 4779 vel
751 4731 810 4782 chr.
830 4732 859 4793 ο)
884 4728 937 4781 Un.
957 4730 986 4782 in
1006 4728 1126 4797 signum.
1146 4730 1176 4796 p)
1195 4729 1280 4796 Rkpy
1301 4728 1367 4796 maji
1393 4728 1574 4781 cantilenam.
1595 4728 1625 4795 q)

337 4797 391 4850 Un.
412 4800 725 4868 exortacionibusque.

1432 4904 1466 4958 9*
