3917 5742
803 693 937 761 Kapitola
956 695 1045 747 osma,
1518 696 1568 744 161

284 877 571 958 Apprehensaque
597 896 709 937 rursus
738 877 946 937 sanctissima
963 894 1065 935 manu
1082 893 1228 956 unguem
1245 873 1430 952 repetendo
1454 877 1568 955 tangit,

285 988 383 1047 quern
420 971 465 1029 ita
502 967 640 1027 firmiter
678 968 767 1025 carni
807 965 930 1044 relique
967 964 1139 1024 herentem
1176 967 1306 1042 reperit,
1341 984 1380 1025 ac
1417 966 1444 1025 si
1480 964 1569 1025 nulla

284 1057 509 1119 vacillacionis
533 1057 625 1134 signa
649 1056 899 1133 apparuissenta
922 1056 953 1113 in
979 1072 1029 1113 e0.

374 1146 532 1207 Auricula
557 1163 691 1223 quoque
716 1146 796 1215 eius,
820 1162 885 1221 que
917 1141 1066 1203 funditus
1090 1142 1222 1203 abscisa
1246 1143 1315 1202 ictu
1339 1143 1440 1222 gladii
1464 1141 1571 1203 fuerat
1589 1134 1707 1197 Fontes,

206 1263 210 1270 ¹
285 1244 385 1315 atque
410 1256 427 1294 a
453 1253 568 1295 sorore
593 1234 705 1311 ipsius,
737 1231 857 1292 eodem
883 1232 1059 1306 revelante,
1092 1234 1224 1291 inventa
1249 1229 1365 1300 fuerat,
1398 1232 1569 1292 sanissima
1599 1208 1618 1273 I’
1640 1210 1700 1261 ²²²·

284 1326 464 1404 iunctaque
497 1324 571 1384 loco
604 1342 665 1382 suo
698 1317 900 1393 invenitur.¹)
948 1319 1123 1399 Siquidem
1155 1328 1339 1380 memorata
1371 1322 1570 1382 venerabilis

284 1426 443 1489 matrona,
468 1432 563 1473 soror
587 1410 741 1472 videlicet
765 1410 854 1470 beati
877 1412 1039 1486 martyris
1073 1409 1288 1486 Przibyslawa
1320 1409 1494 1483 vocabulo
1526 1411 1568 1470 ab

284 1506 364 1582 ipsis
388 1500 562 1563 cunabulis
587 1497 720 1560 Christo
745 1500 883 1560 domino
900 1498 1022 1559 edocta
1040 1498 1146 1558 suerat
1162 1500 1284 1559 servire
1302 1498 1366 1559 deo
1384 1499 1569 1561 secundum

286 1592 489 1654 documenta
515 1588 725 1668 euangelica,
750 1590 822 1648 sine
846 1590 990 1667 querela.
1029 1585 1119 1665 [Luc.
1149 1589 1173 1648 l.
1199 1581 1243 1670 6.]
1277 1588 1458 1667 Postquam
1482 1591 1571 1649 enim

285 1700 360 1742 eam
385 1682 540 1740 dominus
565 1698 584 1738 a
608 1681 686 1758 iugo
712 1676 856 1738 maritali
880 1677 1031 1749 solverat,
1056 1685 1163 1737 totam
1179 1696 1215 1737 se
1231 1679 1480 1754 mancipaverat
1503 1678 1569 1738 deo

284 1768 519 1841 famulandam,
550 1769 695 1828 estuanti
719 1769 840 1828 siciens
872 1769 984 1827 animo
1017 1766 1177 1826 velamine
1212 1786 1308 1828 sacro
1341 1767 1482 1848 contegi,
1514 1769 1569 1828 die

284 1867 452 1936 noctuque
470 1860 632 1917 instanter
649 1857 871 1929 oracionibus,
896 1856 1015 1937 vigiliis
1038 1857 1237 1934 ieiuniisque
1265 1858 1455 1933 persistens.
1481 1856 1569 1917 Huic

285 1952 317 2009 in
342 1948 466 2007 visione
492 1948 611 2007 beatus
636 1944 856 2007 Wenceslaus
888 1947 993 2005 astitit
1024 1952 1058 2005 et
1089 1945 1211 2024 inquit:
1243 1944 1437 2007 Auriculam
1468 1945 1570 2007 michi

285 2044 525 2114 persequentes
559 2054 613 2095 me
649 2035 873 2108 absciderunt,
909 2054 974 2113 que
1011 2042 1149 2095 actenus
1184 2037 1270 2095 inter
1305 2034 1468 2105 arborem,
1505 2055 1569 2114 que

284 2126 424 2186 ecclesie
447 2127 601 2205 iungitur,
626 2127 838 2203 parietesque
862 2127 968 2201 ipsius
991 2123 1131 2184 ecclesie
1156 2126 1250 2198 iacet,
1275 2143 1320 2184 ex
1336 2143 1403 2203 quo
1419 2132 1570 2203 ternpore

284 2216 414 2275 abscisa
449 2211 564 2274 fuerat.
602 2212 677 2273 Hac
719 2222 892 2290 comperta
932 2214 1140 2274 revelacione
1183 2221 1336 2273 matrona
1372 2213 1570 2275 venerabilis

283 2322 426 2381 sompno
463 2321 537 2363 sese
572 2305 753 2363 excuciens
785 2302 994 2381 ecclesieque
1027 2309 1191 2377 expetens
1223 2302 1343 2378 locum,
1374 2302 1571 2363 thezaurum

281 2391 428 2454 auricule
452 2395 669 2465 sanctissime,
703 2392 826 2452 ubi‘et
855 2392 965 2452 locata
997 2389 1114 2462 luerat,
1146 2394 1276 2467 reperit,
1321 2409 1462 2470 eamque
1494 2411 1569 2452 cum

284 2484 474 2542 reverencia
498 2481 691 2561 gaudioque
716 2498 839 2560 magno
864 2499 1006 2553 sumenS,
1032 2483 1254 2554 omnipotenti
1280 2480 1344 2539 deo
1368 2484 1496 2559 gracias
1521 2500 1570 2540 re-

283 2568 401 2644 ferens,
426 2579 679 2629 monumentum
702 2566 812 2630 fratris
832 2569 1026 2647 dominique
1044 2571 1095 2628 sui
1112 2589 1150 2629 ac
1167 2572 1321 2644 martyris
1346 2570 1470 2643 adiens
1494 2589 1571 2631 cum

283 2658 485 2738 quibusdam
520 2657 722 2719 fidelissimis
756 2662 902 2720 maxima
936 2678 1012 2718 cum
1048 2661 1237 2719 reverencia
1269 2662 1409 2736 aperuit,
1441 2662 1569 2720 auricu—

284 2749 416 2825 lamque
442 2750 603 2823 imposuit
638 2755 771 2806 etcum
795 2752 887 2810 omni
911 2748 1090 2826 diligencia
1107 2766 1219 2807 rursus
1243 2746 1370 2808 clausit.
1396 2744 1469 2825 Que
1494 2756 1571 2824 post

283 2836 542 2896 translacionem
574 2835 670 2914 glebe
713 2838 818 2914 ipsius
849 2837 1047 2897 venerabilis
1083 2838 1128 2897 ita
1165 2839 1355 2915 incorrupta
1391 2840 1570 2916 iunctaque

284 2928 375 2986 carni
400 2924 532 3002 relique,
557 2933 594 2984 ut
618 2924 835 3001 prediximus
860 2930 994 2987 inventa
1018 2933 1077 2997 est,
1102 2946 1140 2986 ac
1165 2928 1193 2986 si
1216 2944 1277 2986 nec
1294 2930 1470 3006 vestigium
1494 2924 1571 2988 ferri

283 3033 430 3093 unquam
455 3033 554 3089 passa
578 3012 707 3074 fuisset.v

375 3102 558 3163 Venientes
583 3104 690 3182 igitur,
714 3112 881 3182 quotquot
905 3104 1027 3164 adesse
1052 3110 1215 3179 poterant,
1240 3103 1351 3165 clerici
1386 3113 1419 3165 et
1443 3103 1569 3183 populi,

282 3211 359 3253 curn
383 3195 492 3267 ymnis
516 3199 549 3251 et
580 3194 720 3252 canticis
745 3193 970 3253 condiderunt
995 3209 1118 3267 corpus
1142 3202 1295 3253 sanctum
1311 3197 1344 3254 in
1360 3194 1569 3274 sarcophago

283 3289 317 3341 et
341 3280 545 3359 sepelierunt
568 3284 601 3342 in
627 3281 765 3341 basilica
789 3285 896 3343 sancti
923 3281 995 3343 Viti
1020 3284 1183 3357 martyris,
1211 3284 1268 3342 ubi
1292 3283 1431 3344 domino
1460 3286 1569 3360 opitu-

284 3370 373 3431 lante
398 3372 525 3430 meritis
549 3373 656 3431 sancti
694 3368 884 3433 Wenceslai
916 3374 1072 3447 martyris
1103 3378 1208 3431 muita
1232 3379 1265 3431 et
1290 3374 1462 3432 innumera
1486 3391 1568 3449 ope·

283 3467 398 3520 rantur
422 3458 582 3520 miracula
626 3458 668 3518 ad
703 3458 834 3521 laudem
869 3468 903 3520 et
933 3460 1075 3540 gloriam
1107 3463 1252 3521 nominis
1287 3456 1410 3522 Christi
1442 3461 1570 3524 domini

282 3552 397 3610 nostri.
423 3544 620 3609 Celebratur
644 3555 756 3610 autem
786 3548 968 3610 translacio
1001 3552 1073 3610 eius
1099 3548 1160 3609 llll
1193 3568 1301 3610 nonas
1333 3553 1457 3611 marcii.
1491 3550 1730 3620 Pre-4.blezrra,

282 3645 391 3698 stante
417 3638 555 3698 domino
580 3646 695 3697 nostro
719 3636 798 3717 Jesu
822 3636 963 3712 Christo,
989 3640 1094 3717 qui..
1114 3631 1153 3718 ,2)

374 3758 473 3842 [Kap.
499 3756 543 3841 9.]
578 3760 675 3822 Nunc
701 3762 765 3822 deo
798 3771 935 3822 auctore
969 3762 1011 3822 de
1044 3781 1131 3822 novo
1157 3770 1302 3838 martyre
1327 3766 1454 3825 sincere
1486 3767 1570 3826 scire

283 3850 473 3912 volentibus
496 3870 583 3911 nova
607 3850 767 3911 miracula
792 3852 947 3928 pandam.
981 3850 1060 3912 Post
1085 3855 1276 3929 passionem
1308 3860 1341 3912 et
1364 3853 1571 3932 triumphum

285 3940 409 4001 athlete
433 3941 488 4001 dei
512 3941 658 4019 gloriosi,
675 3948 752 4017 post
765 3958 943 4000 excessum
967 3941 1106 4016 syderis,
1124 3944 1154 4001 in
1172 3948 1244 4001 tota
1268 3950 1356 4002 terra
1373 3961 1433 4003 suo
1450 3946 1569 4003 merito

284 4027 447 4108 fulgentis,
472 4032 529 4107 qui
553 4031 617 4090 sibi
642 4029 731 4102 olim,
755 4037 791 4089 ut
816 4028 979 4101 dixeram,
1008 4032 1128 4089 devote
1161 4030 1370 4103 adheserant,
1402 4032 1452 4092 vel
1484 4050 1570 4109 quos

286 4118 328 4177 ad
347 4119 555 4179 serviendum
574 4115 708 4179 Christo
724 4126 947 4200 agregaverat,
964 4122 1085 4197 partim
1104 4120 1146 4179 ab
1170 4122 1281 4197 impiis
1301 4119 1413 4199 gladio
1434 4124 1569 4193 necatis,

286 4209 408 4283 partim
440 4204 562 4268 fluviali
599 4206 770 4282 sepultura
807 4209 1000 4287 iniquorum
1035 4208 1187 4268 manibus
1211 4208 1352 4278 traditis,
1384 4213 1504 4270 ceteris
1537 4212 1569 4270 in

287 4298 378 4356 omni
402 4295 484 4355 orbe
513 4293 590 4376 fuga
622 4296 792 4374 dispersis,
824 4315 909 4357 unus
941 4296 1082 4357 militum
1117 4296 1263 4358 Podiven
1287 4301 1433 4376 nomine,
1470 4317 1568 4376 quem

287 4387 563 4461 comparticipem
587 4392 621 4444 et
645 4389 841 4447 consocium
865 4389 1105 4459 universorum,
1138 4405 1204 4464 que
1228 4385 1356 4446 dudum
1381 4406 1400 4445 a
1425 4394 1570 4463 martyre

286 4471 495 4554 gerebantur,
520 4470 621 4533 fuisse
645 4474 793 4535 diximus
818 4482 851 4535 et
874 4475 918 4535 de
941 4491 1009 4553 quo
1027 4469 1316 4557 promiseramus⁸l
1335 4476 1483 4537 dicturos
1499 4494 1569 4550 nos

377 4664 405 4727 a)
425 4663 496 4730 Kap.
517 4664 689 4728 paruissent.

381 4733 399 4802 ¹)
419 4733 479 4786 Zde
508 4733 595 4785 laonii
623 4749 654 4785 se
681 4735 794 4788 zlomek
821 4752 839 4787 v
858 4737 920 4802 rkp.
942 4742 974 4789 13
996 4738 1021 4789 D
1040 4742 1082 4791 20.
1109 4767 1140 4775 -
1171 4735 1190 4806 ¹)
1210 4738 1236 4790 V
1255 4739 1317 4805 rkp.
1344 4739 1431 4804 kapit.
1461 4733 1569 4791 zristala

287 4806 353 4859 veta
374 4805 594 4867 nedokoncena,
615 4805 649 4857 ac
669 4806 753 4858 misto
773 4822 826 4873 pro
845 4808 874 4859 ni
893 4810 1070 4877 vynechano.
1091 4838 1124 4846 -
1147 4807 1166 4876 ⁸)
1188 4808 1249 4862 Srv.
1270 4809 1340 4880 vyie
1358 4817 1407 4862 str.
1428 4814 1486 4862 152.

1375 4923 1406 4968 ²1
1605 4879 1708 5125 6
