3917 5742
734 652 872 721 Legenda
891 651 1045 704 moravski
1065 668 1081 705 a
1100 652 1235 706 Kristian.
1595 661 1627 707 17

342 834 450 908 linguis
465 833 557 891 nolite
580 833 753 908 prohibere.
778 832 819 889 At
832 833 882 890 illi
902 833 957 890 ltec
1010 834 1187 908 supradicto
1210 853 1347 893 sermone
1361 830 1387 911 ¹)
1409 837 1442 893 iu
1466 837 1530 893 illis
1550 844 1627 912 par-

343 923 505 979 audieutes
527 930 557 978 et
578 922 770 979 admirantes
792 922 874 979 tanti
894 922 958 979 oiri
1011 923 1100 994 tibus,
1133 941 1208 997 quas
1232 925 1261 985 b.
1290 923 1416 999 Cyrillus
1440 926 1499 983 deo
1523 926 1626 1000 acqui·

341 1011 443 1083 fidem,
475 1012 656 1069 auctoritate
684 1029 744 1068 sua
766 1019 909 1068 statuunt
930 1019 960 1068 et
1012 1013 1104 1070 sierat
1127 1022 1159 1070 et
1183 1014 1260 1071 sicut
1280 1022 1435 1085 statuerat,
1460 1033 1627 1072 canonicas

343 1098 471 1159 firmant
487 1108 583 1175 supra
599 1101 679 1158 dicto
701 1118 837 1157 sermone
854 1101 956 1175 parti·
1011 1101 1103 1158 loros
1126 1121 1194 1158 cum
1218 1108 1383 1159 missarum
1406 1104 1561 1161 solemniis
1584 1105 1628 1160 ita

341 1190 400 1247 bus
416 1190 449 1246 in
466 1189 530 1246 illis
546 1190 711 1262 missarum
727 1189 894 1263 solempnia
910 1208 956 1246 ce·
1011 1190 1119 1247 debere
1134 1191 1279 1269 deinceps
1294 1192 1443 1250 celebrari
1458 1194 1521 1268 (str.
1543 1191 1627 1268 104).

342 1287 461 1335 terasoe
473 1278 688 1337 canonicorum
700 1278 960 1348 liorasymnieari

342 1366 510 1443 (ano-1).

430 1506 563 1571 Ostatnl
587 1508 650 1571 dve
666 1511 764 1570 mista
780 1527 851 1570 sem
868 1506 1039 1588 naletejlcl
1060 1508 1137 1589 jsou
1162 1511 1313 1572 menslho
1332 1512 1483 1574 rozsahu.
1508 1511 1624 1573 Druhe

340 1595 374 1681 (v
413 1598 554 1680 legende
596 1593 788 1678 moravske)
836 1596 936 1659 mluvl
975 1618 996 1658 o
1036 1595 1191 1674 Cyrillovi
1231 1620 1250 1660 a
1289 1599 1496 1677 Methodovi,
1547 1603 1626 1679 prve

343 1686 376 1767 (v
401 1682 620 1767 Kristianovi)
648 1707 669 1747 0
694 1685 863 1765 Cyrillovi:

569 1832 710 1890 Kristidn.
1146 1833 1294 1907 Legenda
1317 1834 1487 1893 moravska.

340 1948 371 1997 et
395 1948 579 2014 cooperante
603 1938 703 1996 divina
732 1938 842 2013 gracia,
871 1947 954 2013 post·

338 2047 430 2102 quam
461 2028 526 2085 illos
556 2026 676 2086 Christo
711 2025 844 2084 lucratus
879 2037 953 2100 erat,

339 2121 431 2175 etiam
455 2118 558 2191 apices
584 2116 632 2174 vel
656 2125 827 2174 caracteres
859 2134 954 2174 novas

338 2207 475 2281 conperit
499 2215 641 2264 etvetus
660 2223 834 2279 novumque
858 2215 954 2263 testa·-

1055 1936 1625 2017 CumqueviriDeiipsumRegem(!)²³)

1010 2044 1079 2084 cum
1103 2029 1215 2102 populo
1243 2047 1298 2086 suo
1321 2029 1462 2105 religiosa
1495 2030 1625 2087 solicitu-

1010 2117 1079 2174 dine
1104 2118 1142 2174 ad
1165 2117 1237 2175 fidei
1268 2119 1370 2175 lumen
1401 2119 1524 2176 omnino
1557 2137 1625 2191 pro-

1009 2215 1177 2277 vocassent,
1202 2207 1258 2265 illis
1281 2208 1391 2264 deinde
1414 2215 1502 2265 vetus
1526 2216 1558 2266 et
1574 2226 1627 2266 no·

338 2305 474 2353 mentum
486 2296 642 2371 pluraque
660 2295 726 2351 alio
742 2295 781 2351 de
793 2313 884 2368 greco
899 2313 954 2351 seu
1009 2313 1081 2352 vum
1120 2304 1337 2354 testamentum
1382 2296 1516 2371 vigilanti
1556 2314 1627 2353 cura

339 2387 436 2442 latino
459 2403 597 2441 sermone
619 2384 827 2442 sclavonicam
844 2384 877 2439 iu
894 2385 954 2440 liu·
1010 2394 1202 2457 exponentes
1248 2394 1280 2444 et
1318 2386 1515 2443 informantes
1564 2404 1626 2455 eos,

335 2494 435 2547 guam
458 2473 624 2531 transtulit.
666 2473 782 2529 Missas
804 2480 953 2546 preterea,
1003 2473 1100 2548 plura
1124 2475 1163 2530 tle
1191 2474 1303 2531 Graeco
1333 2482 1364 2530 et
1384 2473 1497 2531 Latino
1524 2484 1626 2531 trans·

338 2564 526 2637 ceterasque'
543 2562 710 2619 canonicas
736 2561 829 2617 laras
852 2561 885 2618 in
908 2581 953 2617 ec·
1000 2564 1151 2638 ferentes,
1176 2564 1209 2619 iu
1236 2564 1419 2620 Scluaouica
1443 2565 1553 2637 lingua
1575 2583 1625 2619 ca-

338 2652 431 2709 elesia
442 2652 570 2727 publica
586 2670 657 2708 voce
680 2669 823 2707 resonare
838 2651 953 2720 statuit,
1010 2652 1138 2707 uouieas
1160 2651 1254 2709 looras
1277 2661 1307 2709 et
1320 2653 1432 2709 missas
1447 2653 1480 2708 iu
1497 2651 1624 2709 ecclesia

339 2742 421 2814 quod
452 2754 484 2797 et
516 2758 613 2814 usque
641 2740 731 2796 hodie
763 2739 792 2795 in
816 2739 954 2813 partibus
1010 2740 1071 2796 Dei
1095 2740 1220 2814 publice
1253 2749 1430 2798 statuerunt
1461 2742 1626 2798 decantare

338 2830 513 2889 Sclavorum
546 2847 562 2887 a
593 2828 729 2904 pluribus
753 2830 860 2903 agitur,
891 2846 954 2885 ma·

337 2922 423 2977 xime
442 2920 470 2976 in
488 2919 644 2995 Bulgariis‚
668 2917 823 2992 multeque
839 2936 881 2975 ex
896 2920 955 2976 hoc

335 3010 435 3066 anime
459 3007 580 3066 Christo
603 3007 734 3065 Domino
758 3008 954 3081 acquiruntur

336 3094 402 3179 (str.
428 3097 513 3174 200).

381 3187 442 3245 Sed
466 3188 536 3261 quia
554 3187 591 3244 ab
609 3186 676 3260 ipso
693 3185 796 3242 mundi
813 3186 953 3257 exordi0,

334 3277 420 3333 vetiti
445 3284 607 3350 postquam
627 3275 757 3348 sumpsit
778 3275 953 3332 amaritudi-

1011 2830 1075 2902 (str.
1105 2828 1189 2906 103).

1053 3185 1190 3245 Cernens
1221 3195 1324 3243 autem
1358 3186 1528 3243 ludificator
1560 3187 1623 3242 ani·

1008 3293 1126 3333 marum
1149 3276 1288 3333 diabolus
1303 3276 1449 3350 populum
1465 3276 1532 3331 suis
1548 3294 1623 3331 sem-

335 3364 641 3439 nemprothoplastus
654 3365 746 3438 pomi,
759 3364 953 3421 seminarium
1002 3372 1062 3438 per
1083 3366 1291 3439 mancipatum
1314 3365 1451 3423 servitiis
1472 3364 1534 3421 sibi
1554 3365 1624 3422 sub·

336 3455 560 3514 discordie...
592 3454 712 3511 humani
746 3453 868 3529 generis
899 3454 953 3510 ini-

336 3544 431 3601 micus
461 3560 558 3616 usque
594 3542 632 3599 ad
666 3560 791 3615 presens
826 3542 952 3600 fundere

335 3651 394 3690 non
429 3633 557 3702 desistit,
596 3648 631 3688 ac
666 3631 771 3689 dolens
803 3632 951 3705 populum

334 3724 401 3778 suis
426 3730 545 3795 semper
572 3720 714 3779 serviciis
744 3722 951 3795 mancipatum

334 3810 395 3867 sibi
415 3809 559 3868 subtrahi
584 3828 714 3883 veroque
737 3810 804 3882 regi
836 3809 952 3867 Christo

335 3900 457 3957 domino
476 3898 606 3974 acquiri,
630 3906 713 3956 totus
737 3899 949 3972 nequiciarum

335 3990 431 4045 armis
454 3988 584 4045 inclutus
597 4032 603 4044 .
617 4031 643 4044 ..
668 3988 810 4060 superbie
827 4004 863 4044 ac
878 4005 948 4044 ava·

335 4079 407 4135 sicle
430 4078 490 4135 tela
507 4086 594 4151 parat
610 4077 644 4132 in
660 4084 787 4145 tautum,
813 4085 848 4133 ut
863 4078 951 4133 Zma-

335 4166 441 4239 topule,
465 4167 516 4239 qui
540 4173 607 4223 erat
623 4183 719 4239 nepos
734 4165 878 4239 principis
902 4166 950 4222 vel

336 4255 417 4331 regis
440 4255 579 4329 religiosi,
606 4255 718 4328 quique
743 4255 896 4311 institutor
918 4264 951 4311 et

335 4353 436 4402 rector
458 4344 552 4401 totius
574 4344 799 4401 christianitatis
826 4361 880 4400 seu
902 4361 950 4399 re·

336 4433 452 4509 ligionis
483 4432 631 4508 benignus
661 4433 815 4503 extiterat,
850 4433 950 4506 ipsum

228 4528 230 4532 '
335 4521 524 4579 avunculum
539 4540 629 4578 suum
646 4521 761 4578 insidiis
780 4523 949 4596 appetitum

1007 3454 1092 3510 traloi
1124 3462 1155 3509 et
1182 3472 1252 3511 vero
1287 3455 1354 3527 regi
1393 3453 1508 3511 Christo
1546 3453 1623 3517 Jesu

1008 3543 1168 3616 applicari,
1232 3544 1439 3618 nequitiarum
1493 3542 1624 3599 indutus

1007 3633 1105 3688 armis
1136 3632 1182 3688 ad
1201 3639 1319 3688 tautam
1347 3631 1540 3708 malignitatis
1564 3632 1623 3689 deo

1007 3721 1135 3777 odibiles
1159 3721 1304 3778 excitavit
1328 3722 1495 3794 perfidiam,
1520 3729 1555 3776 ut
1576 3738 1623 3777 se-

1008 3810 1134 3866 ditiosus
1171 3809 1345 3882 Stoatopluk
1380 3810 1522 3883 princeps
1553 3810 1622 3876 doli,

1007 3916 1075 3956 cum
1114 3899 1170 3955 sibi
1209 3898 1444 3956 adhaerentibus
1483 3898 1620 3956 fraudum

1006 3988 1203 4061 complicibus
1249 3989 1379 4046 saeviret
1424 3988 1457 4044 in
1493 3995 1621 4058 tautum,

1005 4077 1089 4150 quod
1122 4076 1296 4151 religiosum
1329 4077 1495 4150 principem
1523 4095 1619 4133 avuu

1005 4166 1109 4222 culum
1132 4184 1223 4221 suum
1248 4167 1356 4223 occulti
1373 4166 1495 4239 potione
1513 4166 1621 4222 veneni

1005 4264 1167 4328 appeteret
1183 4256 1331 4324 occidere,
1348 4263 1497 4329 quatenus
1514 4254 1543 4311 in
1558 4253 1624 4311 loco

1005 4344 1071 4416 ejus
1095 4353 1200 4418 posset
1222 4362 1358 4420 regnare.
1384 4343 1446 4402 Sed
1463 4343 1530 4416 pius
1553 4343 1622 4399 Rex

1005 4441 1128 4506 sumpto
1176 4434 1349 4509 ignoranter
1395 4432 1495 4490 lethali
1540 4441 1623 4505 potu,

1004 4522 1116 4579 diviua
1135 4540 1168 4578 se
1184 4529 1359 4596 protegente
1371 4524 1488 4595 gratia,
1512 4521 1551 4578 nil
1568 4540 1620 4578 no·

427 4694 448 4763 ¹)
467 4690 661 4748 Rt‘iznodtenl:
687 4703 718 4747 et
736 4696 845 4748 ordine.
867 4724 898 4732 -
921 4692 942 4760 ⁹)
963 4694 1041 4763 Vpde
1062 4694 1183 4763 legenda
1203 4697 1356 4748 moravska
1374 4694 1451 4748 tvrdl
1471 4694 1570 4755 urdite,
1591 4695 1623 4747 ie

339 4763 426 4834 Cyrill
445 4782 462 4819 a
482 4765 600 4818 Method
618 4766 780 4819 Rostislava
799 4766 930 4833 pokitilil

1445 4877 1460 4923 2
