3917 5742
661 648 834 703 »Crescente
853 649 925 703 fide«
947 664 1114 717 pramenem
1135 648 1321 702 Kristianovi.
1598 652 1632 703 57

348 832 468 895 vidlem
492 831 618 906 slovnl,·
640 830 689 892 lze
712 831 779 901 ilci,
804 836 841 892 ie
865 831 937 893 cela
961 833 1112 910 polovice
1141 829 1285 912 legendy
1313 828 1510 893 »Crescente
1543 830 1628 891 fide«

346 923 380 1002 je
404 921 527 995 slovne‚
552 924 591 982 ad
616 937 656 981 ne
680 921 766 998 vtdy
790 940 828 981 ve
854 923 909 983 sve
932 920 1047 982 slovne
1079 919 1266 982 souvislosti
1295 953 1320 962 —
1358 920 1504 981 Kristiim
1538 924 1633 981 casto

349 1012 421 1073 sloh
445 1015 522 1088 vety
546 1009 704 1088 ponekud
729 1012 818 1071 meni
841 1011 929 1071 nebo
953 1010 1110 1088 rozsiiuje
1136 1044 1178 1051 —
1203 1010 1402 1072 obsaienav
1420 1008 1633 1070 Kristianovi.

350 1100 403 1163 Na
428 1105 491 1178 pi:

526 1222 693 1281 Crescente
716 1224 789 1281 lide:

394 1331 590 1404 intempore
614 1339 717 1387 autem
741 1331 790 1387 illo
807 1330 892 1387 multi
916 1348 962 1386 sa·

349 1421 492 1477 cerdotes
516 1420 555 1475 de
579 1420 734 1492 provincia
764 1420 962 1477 Bavariorum

349 1519 380 1566 et
404 1509 443 1565 de
467 1509 577 1566 Svevia
600 1509 760 1566 audientes
787 1509 899 1566 famam
923 1509 962 1565 de

348 1615 386 1654 eo
410 1597 604 1655 confluebant
627 1615 696 1655 cum
716 1597 851 1670 reliquiis
874 1614 961 1654 sanc·

348 1696 448 1743 torum
481 1696 512 1744 et
534 1686 624 1742 libris
654 1687 692 1743 ad
725 1704 804 1743 eum.
843 1686 962 1760 Quibus

348 1776 488 1832 omnibus
510 1776 653 1833 habunde
677 1793 784 1833 aurum
807 1785 839 1833 et
853 1792 963 1850 argen-

349 1874 424 1934 tum,
458 1866 594 1923 crusinas
623 1875 655 1922 et
686 1864 837 1938 mancipia
868 1873 962 1938 atque

348 1953 533 2013 vestimenta
555 1953 698 2023 hilariter,
714 1962 806 2027 prout
820 1954 962 2027 unicuiqe

349 2060 427 2115 opus
450 2051 524 2113 erat,
548 2042 734 2115 praestabat.
766 2042 807 2099 Hi
838 2060 962 2116 quoque

348 2149 456 2188 omnes
480 2132 616 2207 magistri
640 2132 830 2189 mirabantur
845 2133 875 2188 in
891 2134 963 2189 doc-

348 2221 427 2277 trina
443 2221 515 2277 eius.
540 2222 666 2278 Poterat
677 2238 811 2294 namque
827 2221 963 2278 imitator

348 2310 413 2366 sore
436 2309 621 2383 psalmistae,
635 2310 686 2383 qui
699 2310 729 2367 in
742 2311 848 2384 spiritu
866 2311 962 2367 dixit:

352 2416 462 2471 »super
486 2416 593 2455 omnes
625 2400 772 2457 docentes
801 2418 850 2457 me
874 2399 961 2456 intel-

347 2488 418 2557 lexi,
454 2488 524 2560 quia
555 2489 729 2546 testimonia
754 2484 789 2565 (Ρ)
820 2498 872 2545 tua
900 2506 963 2546 me·

348 2577 456 2633 ditatio
488 2595 557 2634 mea
588 2587 666 2637 est«.
698 2579 731 2634 ln
760 2578 845 2635 cuius
869 2578 961 2635 etiam

348 2675 451 2722 mente
483 2668 547 2723 sola
574 2668 746 2740 praetiosae
778 2666 962 2741 margaritae

348 2755 469 2811 claritas
493 2756 640 2830 fulgebat,
675 2757 786 2829 cuique
819 2757 962 2815 dominus

346 2851 464 2901 tantam
488 2845 619 2918 gratiam
650 2845 790 2902 conferre
817 2846 962 2921 dignatus

348 2944 404 3003 est,
435 2942 470 2990 ut
499 2942 532 2989 et
562 2933 684 3005 praeliis
714 2934 813 2991 victor
848 2935 961 2996 extitit.

348 3021 442 3078 Vultu
466 3039 622 3094 procerus
645 3033 677 3079 et
701 3040 832 3097 corpore
860 3034 962 3081 castus

348 3112 447 3167 itaut
472 3111 595 3168 coelebs
618 3111 725 3169 libenti
749 3113 851 3169 animo
875 3121 962 3187 opta·

347 3199 400 3256 bat
423 3201 517 3258 vitam
540 3200 635 3272 linire,
659 3202 803 3258 blandum
827 3203 962 3260 habebat

347 3306 416 3345 cum
463 3290 590 3347 mitibus
603 3284 627 3370 ¹)
674 3291 837 3363 eloquium,
884 3309 962 3363 quos

346 3388 451 3436 autem
475 3379 593 3436 sciebat
616 3379 737 3437 inmites
762 3389 793 3437 et
812 3387 962 3454 vagantes

347 3468 412 3523 sine
436 3485 536 3538 causa,
553 3467 603 3525 vel
619 3470 649 3525 in
665 3469 803 3527 tabernis
818 3468 962 3526 bibentes

347 3565 380 3613 et
414 3574 432 3612 a
464 3556 603 3614 doctrina
635 3560 827 3628 recedentes
858 3558 961 3615 statim

347 3645 413 3702 illos
422 3663 545 3702 mensae
555 3664 667 3718 pronos
676 3647 810 3722 alligans,
824 3647 961 3705 districte

347 3735 453 3809 flagris
475 3735 661 3793 verberabat
693 3737 812 3813 multis3
845 3745 877 3793 et
900 3755 961 3794 non

347 3824 377 3880 in
401 3824 450 3880 die
474 3841 573 3897 neque
597 3824 628 3881 in
652 3832 743 3882 nocte
767 3825 807 3882 ab
823 3826 961 3883 oratione

346 3912 485 3971 vacabat.
510 3912 640 3986 Semper
670 3924 776 3972 contra
803 3915 961 3989 antiquum

347 4002 469 4058 hostem
493 4012 615 4059 scutum
646 4004 718 4061 fidei
751 4004 896 4061 sumebat
930 4011 962 4059 et

347 4090 497 4149 invisibile
528 4092 653 4165 spiritus
684 4094 783 4151 sancti
816 4092 960 4167 gladium,

346 4181 432 4253 quod
449 4188 496 4238 est
508 4181 637 4238 verbum
654 4182 713 4240 dei.
737 4181 812 4239 Erat
828 4198 961 4253 namque

347 4271 411 4325 sine
443 4270 570 4342 querela
602 4289 693 4328 verus
725 4271 775 4328 dei
806 4271 906 4327 cultor
930 4279 961 4327 et

1250 1223 1385 1280 Kristiitn
1395 1242 1401 1281 :

1062 1330 1130 1404 Qua
1139 1329 1281 1403 opinione
1294 1330 1465 1388 christicole
1482 1330 1632 1387 exhausta

1017 1420 1056 1476 ad
1081 1436 1151 1476 eum
1168 1436 1224 1476 ceu
1247 1437 1321 1493 apes
1344 1420 1383 1476 ad
1407 1419 1537 1476 alvearia
1560 1420 1634 1475 haut

1017 1526 1106 1565 secus
1130 1509 1314 1578 sacerdotes
1331 1508 1431 1577 levite,
1449 1508 1632 1582 plurimique

1018 1597 1120 1655 famuli
1153 1598 1202 1654 dei
1238 1597 1394 1655 confluunt
1424 1597 1632 1668 Bavariorum,

1017 1686 1197 1744 Swevorum
1207 1687 1397 1759 aliarumque
1410 1687 1633 1759 provinciarum

1017 1776 1091 1833 locis
1104 1776 1241 1849 reliquiis
1254 1793 1324 1832 cum
1337 1784 1511 1833 sanctorum
1529 1774 1634 1831 biblio-

1018 1865 1150 1939 tecz'sque
1173 1865 1330 1939 plurimae,
1362 1878 1490 1923 cunctos
1513 1864 1630 1921 honore

1019 1971 1088 2011 cum
1104 1954 1222 2029 ingenti
1235 1971 1313 2027 quos
1330 1954 1500 2027 suscipiens
1517 1954 1632 2010 animo·

1018 2060 1078 2116 que
1103 2043 1236 2117 gratanti
1261 2042 1450 2116 amplectens
1481 2043 1632 2101 obsecun-

1018 2132 1158 2203 dabatur,
1181 2133 1225 2188 uti
1249 2132 1389 2203 decebat,
1417 2133 1556 2189 tribuens
1579 2134 1631 2188 ha·

1018 2221 1120 2278 bunde
1156 2221 1221 2278 auri
1255 2221 1305 2278 vel
1341 2223 1462 2297 argenti
1502 2222 1630 2294 copiam,

1018 2310 1139 2369 crusina
1156 2311 1368 2384 mancipiaque
1385 2312 1432 2369 vel
1448 2312 1633 2368 vestimenta

1017 2399 1152 2456 hilariter
1172 2399 1306 2474 largiens
1325 2401 1515 2474 cunctisque,
1540 2408 1631 2473 prout

1018 2506 1097 2561 opus
1121 2498 1194 2559 erat,
1208 2490 1356 2560 serviens,
1373 2489 1523 2546 universis
1548 2489 1633 2546 dida·

1018 2578 1106 2636 scalis
1137 2578 1194 2634 hiis
1226 2580 1256 2635 in
1287 2578 1427 2636 doctrina
1451 2578 1632 2635 mirantibus

1018 2667 1122 2740 ipsius,
1135 2676 1169 2723 ut
1182 2684 1252 2724 cum
1268 2667 1426 2740 psalmista
1442 2667 1631 2741 proclamare

1018 2765 1209 2816 cerneretur:
1233 2756 1336 2834 Super
1351 2774 1461 2815 omnes
1485 2757 1633 2814 docentes

1018 2862 1068 2901 me
1107 2846 1251 2919 intellexi,
1289 2846 1361 2919 quia
1396 2846 1541 2903 mandata
1579 2853 1631 2901 tua

1018 2934 1182 2993 meditacio
1195 2952 1263 2991 mea
1279 2944 1327 2992 est
1341 2968 1374 2977 -
1389 2943 1493 2992 mente
1502 2936 1532 2991 in
1545 2934 1632 2991 cuius

1018 3025 1082 3081 sola
1097 3025 1240 3098 preciose
1256 3023 1397 3099 fulgebat
1413 3024 1535 3080 claritas
1553 3040 1632 3078 mar-

1016 3114 1123 3189 garite.
1150 3112 1206 3171 Cui
1223 3113 1320 3170 eciam
1344 3111 1485 3169 dominus
1509 3112 1632 3185 pietatis

1017 3203 1313 3277 suegraciamquam
1322 3201 1481 3276 plurimam
1491 3200 1632 3258 conterre

1018 3292 1230 3366 dignatusest,
1250 3301 1285 3348 ut
1301 3292 1330 3347 in
1340 3290 1489 3365 plurz'mr's
1506 3307 1631 3364 quoque

1017 3381 1117 3437 victor
1151 3381 1254 3454 preliis
1289 3380 1448 3437 existeret.
1480 3380 1632 3437 Procerus

1017 3469 1109 3539 vultu,
1123 3470 1297 3527 castitatem
1310 3469 1508 3543 amplectens
1522 3487 1631 3543 quam-

1016 3558 1065 3615 vis
1079 3557 1133 3614 hec
1146 3578 1221 3614 rara
1237 3558 1316 3614 viris
1328 3550 1354 3631 2)
1372 3559 1513 3614 uxoratis
1525 3557 1631 3613 matri-

1016 3648 1124 3718 monio,
1170 3657 1348 3720 presentem
1387 3648 1506 3704 inhians
1543 3645 1631 3703 finire

1016 3737 1118 3809 vitam,
1142 3736 1288 3793 blandum
1311 3754 1435 3809 semper
1458 3753 1526 3793 cum
1551 3735 1631 3792 miti-

1016 3825 1074 3882 bus
1097 3825 1215 3882 habens
1231 3825 1426 3899 colloquium,
1451 3842 1520 3881 cum
1544 3824 1631 3881 inmi-

1016 3915 1098 3971 tibus
1122 3932 1197 3972 vero
1221 3924 1252 3971 et
1277 3914 1462 3991 vagantibus
1485 3913 1632 3987 crapulis·

1015 4020 1079 4082 ¹que
1103 4022 1158 4061 seu
1182 4003 1308 4076 potibus
1332 4003 1444 4061 deditis
1460 4004 1508 4060 vel
1525 4021 1543 4060 a
1559 4003 1630 4059 doc·

1016 4092 1096 4149 trina
1130 4110 1185 4149 seu
1220 4092 1344 4150 tramite
1379 4100 1465 4150 recto
1505 4092 1630 4149 deviare

1017 4181 1213 4254 cupientibus
1241 4182 1306 4239 zelo
1336 4198 1486 4239 accensus
1517 4180 1630 4251 divino,

1017 4269 1042 4327 si
1074 4270 1147 4327 haut
1178 4271 1243 4328 illos
1274 4271 1363 4328 aliter
1394 4270 1631 4345 apprehendere

441 4477 459 4543 ¹)
479 4477 505 4528 V
530 4485 614 4530 textu
637 4479 666 4545 je
692 4478 785 4531 vsude
811 4478 831 4543 (i
850 4494 868 4528 v
887 4478 990 4544 rukop.
1011 4477 1127 4544 mnich.)
1153 4484 1253 4531 contra
1280 4480 1384 4531 milites
1410 4479 1438 4544 (v
1458 4478 1542 4545 nejst.
1567 4476 1629 4529 ruk.

347 4549 581 4603 mnichovskem:
600 4565 666 4602 cum
686 4550 838 4602 contrariis
864 4557 894 4602 et
916 4564 984 4602 cum
1011 4548 1167 4615 militibus).
1188 4548 1233 4602 Ma
1252 4549 1322 4617 byti,
1340 4549 1390 4616 jak
1410 4564 1443 4600 ze
1462 4548 1630 4600 souvislosti

346 4624 360 4670 i
382 4639 397 4671 z
416 4619 571 4672 Krz'stidna
596 4627 715 4687 patruo:
743 4636 803 4673 cum
829 4620 954 4673 mitibus.
974 4649 1008 4658 -

1031 4619 1052 4684 ¹)
1073 4619 1209 4689 Viechny
1237 4622 1311 4690 rkpy
1339 4621 1524 4687 Kristitnovy
1549 4620 1628 4689 maji:

347 4695 398 4743 vis.
415 4690 460 4743 To
473 4692 586 4744 nedava
599 4693 677 4745 acela
689 4692 902 4761 uspolrojiveho
915 4693 1037 4761 smyslu3
1057 4691 1197 4760 nasleduji
1217 4691 1324 4761 vydani
1336 4686 1524 4752 Bollandistit,
1542 4689 1629 4758 jejich

346 4762 537 4831 konjektury:
557 4767 636 4815 viris.
