3917 5742
681 611 703 680 J.
723 611 828 666 Pekai:
848 612 987 681 Nejstardi
1006 613 1127 667 kronika
1147 612 1241 666 deska.

319 793 383 855 sibi
407 792 557 855 subtrahi
581 812 726 874 veroque
752 794 818 875 regi
854 789 987 855 Christo
1020 794 1157 857 domino
1192 794 1326 876 acquiri,
1362 802 1468 857 totus²
1490 796 1619 879 nequi·

319 884 444 944 ciarum
471 884 571 945 armis
595 884 739 958 indutus,
770 902 878 945 novos
909 882 1067 946 satellites
1099 892 1132 946 et
1155 879 1294 966 gnarosb
1315 885 1358 946 ad
1381 893 1507 947 tantam
1533 905 1617 965 per·

318 972 431 1034 fidiam
463 971 608 1034 bellandi
645 973 722 1049 adit,
762 974 1005 1035 discordiarum
1041 983 1203 1036 venenata
1235 974 1358 1036 semina
1395 976 1478 1036 inter
1513 975 1619 1053 ipsos

318 1060 492 1140 primarios
528 1068 757 1143 rectoresquec
778 1063 914 1137 iactitat,
949 1064 1104 1140 superbie
1140 1082 1178 1124 ac
1215 1057 1372 1125 avaricied
1407 1063 1507 1145 ignita
1539 1063 1614 1127 tela

318 1159 415 1229 parat
438 1151 471 1211 in
495 1159 648 1224 tantum,⁶
671 1162 708 1213 ut
732 1145 949 1227 Zyratopulc,s
974 1154 1030 1233 qui
1055 1161 1125 1214 erat
1142 1172 1247 1230 nepos
1268 1155 1426 1234 principis
1450 1153 1500 1214 vel
1517 1157 1615 1237 regis

318 1238 468 1320 religiosi,
501 1243 640 1321 quique⁸
663 1240 830 1302 institutor
854 1250 887 1301 ct
912 1250 1023 1303 rector
1046 1242 1156 1303 tocius
1181 1242 1426 1305 christianitatis
1450 1262 1507 1305 seu
1533 1243 1613 1306 reli·

315 1329 424 1411 gionis
448 1330 610 1410 benignus
627 1331 794 1403 extiterat,
819 1333 927 1410 ipsum
943 1332 1143 1393 avunculum
1161 1349 1257 1391 suum
1276 1332 1402 1394 insidiis
1419 1335 1612 1412 appetitum

317 1436 419 1499 regno
455 1412 617 1496 pelleret,¹¹
645 1421 715 1480 visu
752 1412 905 1497 privareti
941 1421 1110 1501 vitamque
1146 1415 1234 1480 eiusk
1264 1439 1393 1482 veneno
1429 1430 1615 1485 conaretur

316 1504 453 1568 auferre.
479 1504 547 1569 Sed
573 1508 692 1569 hausto
717 1502 779 1569 ille¹
808 1505 966 1586 pestifero
984 1516 1074 1587 potu,
1092 1518 1289 1590 protegente
1307 1529 1342 1570 se
1360 1511 1467 1572 divina
1485 1511 1612 1591 gracia,

317 1596 360 1657 nil
385 1597 536 1658 adversim
552 1602 683 1675 patitur.

407 1702 538 1765 Dehinc
556 1702 765 1783 Zwatopulc¹¹
786 1704 961 1783 tyrannide
979 1714 1144 1784 suscepta,
1161 1704 1246 1768 fastu
1264 1707 1458 1786 arrogancie
1475 1703 1610 1770 inflam-

318 1802 437 1869 matus,
463 1811 538 1854 curn
563 1794 624 1855 sibi
649 1794 864 1856 militantibus
897 1795 1069 1857 sodalibus
1094 1794 1257 1874 pontificis
1290 1794 1428 1856 Metudli
1453 1794 1612 1873 predica·

319 1883 448 1942 cionem
474 1881 664 1944 mellifluam
689 1884 798 1963 quasi⁰
821 1885 954 1961 respuit,
979 1887 1174 1963 monitaque
1198 1885 1421 1946 sacratissima
1445 1902 1512 1945 non
1537 1884 1612 1964 ple·

317 1972 402 2032 niter
437 1973 588 2048 recepit,¹'
610 1991 723 2033 verum
759 1972 909 2034 membra
942 1992 1013 2045 sua,
1044 1973 1186 2035 scilicet<l
1208 1974 1340 2051 plebem
1376 1972 1613 2055 populumque

317 2068 438 2135 suum,r
463 2064 583 2137 partim
600 2058 742 2138 Christ0,
766 2063 886 2141 partim
903 2062 1051 2140 dyabolo
1067 2064 1188 2124 servire
1206 2062 1365 2124 exhibuit.
1391 2060 1611 2143 Quapropter

318 2170 336 2211 a
353 2148 510 2229 pontifice
526 2152 624 2212 beate
641 2153 800 2212 memorie
816 2170 917 2230 supra
934 2161 1065 2214 notato*
1091 2170 1196 2232 pagus
1213 2153 1283 2213 eius
1296 2161 1328 2213 et
1343 2155 1408 2213 rust
1451 2170 1526 2213 cum
1545 2152 1606 2215 ha-

318 2240 500 2301 bitantibus
525 2239 641 2301 incolis
665 2239 879 2302 anathemate
904 2259 1062 2319 percussa
1088 2260 1161 2302 cum
1188 2242 1286 2303 sulcis
1311 2242 1377 2301 suis
1394 2249 1427 2302 et
1443 2239 1612 2305 fructibus

318 2329 456 2390 diversis
473 2330 625 2392 cladibus
641 2331 751 2392 attrita
766 2349 871 2409 usque
888 2332 920 2391 in
937 2329 1151 2392 hodiernumu
1173 2331 1261 2392 diem
1280 2328 1461 2406 deflentv1)
1485 2325 1611 2409 Data²)

319 2427 369 2480 est
393 2420 498 2480 enirnx
513 2419 544 2478 in
563 2420 790 2498 direpcionem
816 2427 848 2481 et
874 2421 1098 2498 captivitatem
1125 2430 1158 2481 et
1182 2420 1319 2498 predam
1344 2432 1377 2480 et
1401 2419 1547 2481 derisum
1573 2429 1612 2481 et

318 2506 568 2570 desolacionem
605 2520 637 2571 et
673 2510 704 2571 in
741 2508 873 2570 sibilum
913 2510 1064 2570 universe
1101 2513 1192 2571 carni
1228 2509 1391 2590 gradienti
1427 2528 1485 2588 per
1520 2528 1609 2584 eam,

318 2600 477 2678 quoniam
502 2616 568 2658 non
594 2607 645 2660 est
676 2600 819 2660 societas
851 2598 915 2659 luci
940 2600 983 2661 ad
1008 2600 1166 2661 tenebras
1189 2617 1249 2659 nec
1274 2600 1458 2660 convencio
1483 2595 1607 2661 Christi

318 2705 395 2747 cum
420 2685 530 2747 Belial.
558 2684 708 2763 Quorum
733 2686 891 2766 exempla
915 2706 976 2750 nos
1002 2707 1154 2769 quosque
1171 2689 1323 2751 videntur
1349 2690 1522 2764 respicere,
1549 2691 1608 2769 qui

318 2774 443 2837 eisdem
468 2776 621 2854 passibus
645 2796 806 2838 conamur
830 2777 993 2851 incedere,
1018 2780 1176 2858 quoniam
1201 2779 1257 2858 qui
1282 2778 1420 2838 domum
1444 2776 1538 2837 vicini
1556 2777 1608 2838 sui

319 2865 483 2944 conspicit
507 2866 723 2940 concremari,
749 2875 926 2945 suspectus
951 2885 1025 2926 esse
1051 2865 1151 2927 debet
1176 2866 1219 2927 de
1243 2885 1312 2927 sua.

412 2989 508 3068 [Kap.
534 2985 578 3073 2.]
612 2991 657 3053 At
681 3012 760 3053 vero
792 2990 901 3053 Sclavi
933 2991 1084 3053 Boemiey
1116 2992 1189 3069 ipso
1215 2992 1277 3053 sub
1309 2990 1468 3052 Arcturo²
1497 2990 1608 3067 positi,

319 3078 460 3141 cultibus
496 3080 650 3142 idolatrie
681 3080 786 3142 dediti
809 3082 897 3142 velut
921 3099 1029 3159 equus
1062 3079 1195 3142 infrenis
1220 3081 1289 3141 sine
1321 3080 1403 3161 lege,
1435 3082 1505 3140 sine
1537 3077 1607 3143 ullo

318 3170 465 3249 principe
490 3168 540 3229 vel
565 3179 695 3231 rectore
718 3171 768 3232 vel
793 3172 875 3231 urbe
899 3172 945 3232 uti
971 3172 1068 3230 bruta
1093 3168 1245 3230 animalia
1273 3170 1413 3247 sparsim
1437 3176 1608 3249 vagantes,

318 3268 441 3319 terram
477 3258 581 3319 solam
622 3259 854 3320 incolebant.²²
897 3257 1050 3321 Tandem
1087 3258 1279 3335 pestilencie
1320 3258 1470 3319 cladibus
1505 3258 1606 3319 attriti

319 3349 488 3426 quandam
513 3349 740 3426 phitonissam,
769 3359 803 3408 ut
829 3348 914 3410 lama
940 3341 1082 3422 lertur,bb
1102 3347 1237 3421 adeunt,
1261 3348 1466 3426 postulantes
1483 3353 1607 3423 spemcc

319 3437 447 3497 consilii
473 3456 736 3516 responsumque
761 3437 984 3498 divinacionis.
1010 3435 1086 3515 Quo
1103 3448 1245 3514 accepto
1266 3438 1430 3497 civitatem
1448 3444 1608 3511 statuunt,

409 3665 435 3735 a)
455 3666 508 3719 Un.
520 3682 535 3718 a
547 3666 627 3718 Brev.
639 3666 715 3718 totis.
726 3664 755 3730 b)
769 3664 905 3732 Viechny
916 3665 994 3716 ruk.:
1012 3664 1135 3732 ignaros.
1147 3662 1174 3731 c)
1183 3662 1254 3728 Kap.
1267 3664 1469 3730 doctoresque.
1482 3662 1512 3729 d)
1523 3662 1607 3715 Brev.

319 3746 349 3791 et
367 3739 491 3791 avaricie
511 3747 540 3790 et
559 3738 703 3804 superbie.
732 3748 761 3789 et
782 3737 863 3789 Brev.
884 3743 914 3786 et
932 3736 988 3787 hoc
1008 3735 1158 3787 intantum.
1179 3734 1199 3801 i)
1220 3734 1273 3786 Un.
1294 3735 1459 3801 Swatopluc
1480 3736 1506 3796 (c
1525 3749 1543 3784 v
1563 3749 1607 3787 ra-

319 3808 386 3862 suie
412 3825 471 3875 opr.
491 3812 533 3862 asi
552 3826 567 3862 2
588 3810 623 3873 e).
650 3809 721 3875 Kap.
741 3808 835 3861 vsude
859 3806 1031 3871 Swatopule.
1058 3807 1138 3858 Brev.
1161 3805 1321 3871 Svatoplulr
1342 3805 1372 3875 (i)
1397 3808 1426 3875 gl
1447 3807 1528 3858 Brev.
1549 3805 1607 3874 qui.

320 3880 351 3946 h)
370 3880 452 3932 Brev.
473 3881 579 3947 pellere
617 3880 635 3940 i)
655 3880 736 3931 Brev.
764 3879 886 3946 privare.
917 3876 946 3941 k)
967 3878 1048 3930 brev,
1078 3879 1111 3929 ei.
1141 3877 1160 3946 l)
1186 3877 1268 3928 Brev.
1295 3877 1350 3930 illo.
1382 3880 1420 3942 m)
1448 3877 1528 3928 Brev.
1556 3877 1606 3929 ad·

320 3967 445 4004 versum.
465 3954 495 4011 n)
521 3951 573 4002 Un.
592 3949 758 4018 Swatopluc
783 3950 860 4018 (jairo
887 3948 977 4017 vyse),
1004 3948 1086 4001 Brev.
1112 3964 1128 4000 a
1154 3948 1205 4000 Un.
1226 3950 1252 4000 b.
1272 3946 1447 4014 Swatopluk.
1473 3949 1502 4004 ο)
1524 3948 1607 3999 Brev.

320 4023 403 4092 quasi
423 4022 595 4074 mellifluam.
616 4021 644 4090 p)
664 4022 746 4073 Brev.
760 4022 896 4088 suscepit.
917 4022 947 4089 q)
968 4021 1050 4072 Brev.
1072 4020 1212 4072 videlicet.
1234 4021 1257 4084 r)
1278 4018 1370 4070 VUn.
1386 4020 1459 4071 neni.
1479 4020 1504 4082 s)
1525 4018 1606 4071 Brev.

320 4100 598 4161 supermemorato.
627 4096 649 4156 tl
673 4093 726 4146 Un.
750 4094 798 4162 jen
818 4095 924 4145 humus
950 4095 1111 4158 (opraveno
1140 4092 1307 4160 zpugnus),
1328 4090 1399 4156 Kap.
1427 4092 1475 4158 jen
1502 4091 1609 4142 humus

320 4166 349 4234 u)
369 4166 464 4234 Chybi
482 4182 500 4218 v
519 4165 572 4217 Un.
592 4166 621 4221 vl
643 4165 715 4232 Kap.
736 4182 752 4219 a
771 4164 825 4218 Un.
844 4164 940 4218 deflet.
960 4165 992 4228 x)
1011 4163 1081 4215 Bod.
1096 4169 1140 4215 est
1154 4163 1228 4214 enirn
1242 4164 1334 4215 nema.
1349 4162 1376 4229 y)
1391 4161 1462 4226 Kap.
1475 4161 1608 4215 homines

320 4239 447 4291 Bohemi.
468 4238 538 4290 Bod.
557 4236 687 4289 inselices
706 4238 753 4301 illi,
773 4237 823 4303 qui
844 4252 920 4288 nunc
940 4235 1018 4288 Slaui
1038 4235 1147 4287 Boiemi
1177 4235 1201 4298 z)
1222 4232 1275 4285 Un.
1290 4234 1404 4285 Arturo.
1419 4240 1464 4294 aa)
1477 4232 1546 4284 Bod.
1561 4234 1609 4285 ma

321 4310 406 4363 misto
435 4317 454 4362 t.
483 4328 504 4363 s.
532 4310 562 4362 i.:
592 4308 732 4363 fructibus
763 4315 857 4360 terrae
890 4322 959 4359 suae
989 4307 1049 4358 sive
1077 4307 1139 4359 aliis
1168 4305 1254 4356 rebus
1283 4305 1343 4355 suis
1372 4302 1503 4356 destituti
1532 4310 1607 4355 sunt.

320 4380 472 4435 Slovnsled
498 4383 527 4450 je
557 4381 611 4432 zde
640 4376 733 4433 virbec
761 4379 891 4433 amenen.
912 4378 986 4431 Veta
1011 4377 1124 4430 zabina:
1151 4376 1333 4428 Pestilentiae
1353 4375 1483 4427 cladibus
1503 4375 1610 4442 afflicte

319 4452 449 4506 infelices
468 4453 566 4506 illi...
587 4452 641 4505 sub
657 4453 780 4505 Arcturo
800 4451 894 4518 positi,
923 4456 1077 4519 postquam
1098 4449 1148 4501 diu
1177 4448 1238 4498 sinc
1264 4448 1383 4514 lege...
1411 4454 1604 4512 vagantes...

320 4524 450 4577 destituti
486 4530 561 4587 sunt,
597 4524 793 4592 pythonissam
824 4522 969 4590 quandam
998 4522 1114 4573 adeunt.
1144 4518 1195 4581 bb)
1224 4517 1262 4569 Ut
1297 4518 1371 4570 lama
1402 4515 1493 4567 fertur
1521 4516 1609 4583 chybi

320 4613 336 4648 v
357 4596 427 4649 Bod.
446 4597 490 4661 cc)
511 4596 579 4649 uod.
601 4597 637 4648 ab
657 4610 691 4646 ea
709 4597 852 4662 spiritum.

414 4668 432 4733 ¹)
453 4667 511 4720 Zde
531 4683 562 4720 se
591 4666 679 4720 leonti
707 4666 819 4719 zlomek
850 4664 995 4716 Kristiana
1016 4679 1033 4713 v
1054 4660 1175 4714 breviati
1205 4658 1405 4717 Olomdckem
1431 4657 1547 4724 vydany
1567 4658 1606 4709 od

320 4735 505 4792 Bollandistri.
527 4768 558 4776 -
582 4738 602 4807 ²¹)
623 4738 680 4791 Zde
706 4755 737 4791 sc
763 4736 889 4804 potinaji
913 4734 1027 4803 odkazy
1055 4725 1233 4785 Bollandistii
1260 4747 1294 4783 na
1321 4730 1381 4795 rkp.
1407 4728 1606 4796 Bodecensky.
