3917 5742
317 673 367 723 154
672 667 693 735 J.
714 665 818 720 Peirai:
838 665 977 735 Nejstarsi
998 666 1120 719 kronika
1139 664 1234 719 deslra.

315 848 502 930 graciarum
525 868 602 909 cum
626 850 765 910 accione
782 845 949 910 Christum
973 847 1017 910 ad
1042 847 1215 909 dominum
1240 845 1456 908 extendendo
1480 866 1599 910 manus

315 936 480 1018 profatur:
505 936 590 999 Filio
612 956 688 999 meo
705 936 893 999 felicissimo
913 936 1115 998 Wenceslao
1134 936 1204 1012 hec,
1230 935 1418 1012 redeuntes,
1438 936 1599 998 mandata

316 1027 450 1089 referte:
491 1026 642 1088 Ecclesia
673 1039 732 1087 tua
755 1027 822 1087 iam
853 1027 1082 1087 venustissime
1107 1036 1185 1087 ante
1210 1025 1382 1087 dominum
1407 1034 1599 1087 constructa

315 1124 434 1178 extat.⁸
463 1115 610 1178 Auribus
627 1116 783 1194 princeps
807 1119 950 1194 captatis
971 1115 1099 1194 quibus,
1121 1115 1327 1176 exhilaratur
1344 1113 1455 1188 corde,
1480 1114 1598 1178 funda-

315 1215 427 1267 menta
452 1225 532 1265 mox
556 1205 697 1266 ecclesie
723 1198 824 1279 iecit,b
848 1206 1058 1282 parietesque
1083 1205 1208 1285 optime
1233 1203 1361 1265 locavit.

405 1294 476 1355 Nec
494 1295 556 1355 hiis
574 1302 749 1355 contentus
770 1287 803 1375 [f.
816 1287 896 1373 31⁶],
912 1312 1027 1354 verum
1044 1293 1154 1354 limina
1176 1294 1351 1354 beatorum
1369 1292 1600 1370 apostolorum

316 1384 402 1445 Petri
426 1392 460 1444 et
484 1383 575 1445 Pauli
600 1385 707 1444 Rome
739 1383 830 1445 adire
858 1381 969 1454 voluit,
1002 1401 1069 1461 quo
1094 1400 1215 1461 papam
1239 1381 1325 1443 illius
1352 1384 1514 1462 temporis
1538 1400 1598 1444 ex·

316 1483 452 1550 peteret,
484 1473 653 1552 quatinusc
682 1490 758 1532 eurn
790 1471 996 1532 monachicis
1027 1471 1180 1532 indutum
1215 1470 1361 1532 vestibus
1393 1465 1600 1533 attonderetd

315 1563 347 1623 in
372 1561 538 1634 clericum,
570 1580 697 1641 proque
729 1561 783 1623 dei
816 1579 930 1621 amore
955 1560 1176 1640 principatum
1201 1560 1390 1639 relinquens
1414 1559 1505 1622 fratri
1529 1579 1599 1635 suo,

315 1651 390 1725 heu,
428 1652 564 1712 nimium
605 1649 813 1712 secularibus
850 1652 993 1711 intentoe
1028 1650 1166 1722 actibus,
1206 1650 1425 1724 contraderet,
1462 1650 1600 1729 ipseque

315 1738 454 1819 pacifice
479 1741 614 1820 degens,
647 1737 793 1800 oviculas
817 1738 1040 1817 aliquantulas
1064 1735 1197 1800 Christo
1221 1737 1359 1800 domino
1385 1731 1603 1819 aggregaret.f

316 1827 417 1909 Quod
442 1838 476 1890 et
501 1848 603 1907 opere
628 1828 808 1906 implesset,
832 1829 896 1889 nisi
919 1828 1012 1889 illum
1037 1837 1249 1905 prenotatum
1274 1828 1410 1889 basilice
1435 1828 1601 1904 inpediret

316 1937 410 1996 opus.
447 1918 574 1979 Verum
609 1920 746 1978 inimico
780 1917 917 1978 humani
947 1919 1078 1999 generis
1109 1918 1191 1995 ipsis
1226 1918 1269 1978 ab
1302 1916 1451 1978 exordiis
1483 1917 1601 1995 inpun-

315 2017 436 2088 gnante
461 2007 605 2068 fidelium
629 2016 766 2079 turmas,
791 2006 870 2068 dum
895 2005 1152 2067 inevincibilemss
1181 2004 1342 2067 famulum
1366 2004 1486 2067 Christi
1509 2014 1601 2067 totus

315 2099 468 2157 evincere
485 2097 606 2175 nequit,
621 2114 712 2156 arma
730 2095 773 2156 ad
786 2097 923 2175 antiqua
939 2100 1084 2169 vertitur,
1103 2094 1202 2156 fidem
1220 2095 1434 2157 christianam
1452 2106 1601 2156 evertere

315 2187 433 2248 nitens.
459 2185 544 2247 Nam
569 2184 703 2246 fratrem
728 2185 807 2246 eius·
822 2184 993 2259 iuniorem,
1018 2203 1117 2263 quem
1142 2194 1175 2246 et
1199 2187 1232 2247 in
1253 2184 1475 2246 anterioribus
1491 2177 1602 2262 Cayn¹¹

316 2278 553 2353 coequavimus
578 2286 611 2335 et
631 2273 731 2352 paulo
757 2282 833 2352 post
850 2275 1059 2335 mencionem
1083 2272 1228 2351 fecimus,
1253 2274 1373 2335 relictis
1398 2274 1450 2333 cui
1475 2275 1602 2335 cunctis

316 2363 520 2425 secularibus
534 2366 666 2443 pompis
679 2363 830 2424 universa
843 2362 1045 2442 disponebat
1061 2363 1203 2438 tradere,
1220 2362 1365 2424 consiliis
1382 2363 1602 2445 malignorum

315 2461 509 2531 preventum
538 2472 640 2532 quam
665 2451 822 2529 plurimis,
849 2454 904 2532 qui
930 2446 1013 2514 sesei
1049 2452 1209 2513 dolebant
1240 2446 1388 2514 assvetak
1417 2452 1602 2531 relinquere

315 2550 348 2602 et
373 2542 484 2603 illicita
508 2561 607 2623 agere
632 2542 767 2603 minime
792 2541 896 2617 licere,
922 2542 952 2602 in
977 2540 1111 2602 fratrem
1129 2560 1225 2603 suum
1244 2543 1491 2603 sanctissimum
1508 2559 1602 2602 arma

315 2631 383 2692 odii
395 2631 552 2711 necisque
569 2632 712 2692 exacuit.
730 2628 934 2692 Cunctorum
951 2633 1024 2708 ipse
1041 2650 1191 2710 quorum,
1208 2632 1324 2708 spiritu
1341 2630 1403 2691 sibi
1419 2631 1602 2708 inspirante

315 2719 414 2795 almo,
447 2722 604 2799 prescius,
636 2719 725 2781 velut
755 2739 872 2781 cervus
896 2719 1021 2781 fluenta
1054 2739 1216 2799 aquarum
1241 2720 1368 2795 siciens,
1398 2719 1478 2780 haut
1508 2719 1602 2781 aliter

314 2805 473 2885 martyrii¹
508 2810 695 2887 exoptabat
726 2810 867 2887 adipisci
898 2808 1003 2890 glorie
1028 2809 1182 2887 palmam,
1213 2819 1442 2870 verumtamen
1467 2810 1601 2870 minime

316 2898 424 2960 fratris
448 2899 498 2959 sui
524 2899 567 2960 de
584 2918 683 2960 manu
709 2901 879 2960 interitum
904 2897 1133 2976 perhennemm
1148 2906 1300 2959 metuens
1321 2899 1400 2971 eius,
1418 2899 1449 2959 in
1467 2895 1601 2959 Christo

315 3007 448 3066 semper
472 2987 631 3050 fiduciam
656 2988 811 3049 habebat.

406 3105 501 3193 [Kap.
520 3107 561 3194 Z]
588 3111 784 3192 Agebantur
809 3130 886 3171 vero
904 3113 965 3173 hec
982 3112 1189 3187 temporibus
1214 3109 1359 3187 Henrici,
1385 3112 1468 3191 regis
1493 3108 1601 3172 Saxo·

314 3202 471 3275 niorum,n
500 3204 555 3281 qui
581 3202 705 3277 primus
737 3203 822 3262 iuter
846 3202 945 3277 ipsoS,
980 3198 1113 3262 Christo
1149 3201 1211 3262 sibi
1243 3201 1401 3279 propicio,
1434 3200 1602 3278 dyadema

315 3291 470 3369 inposuit,
495 3292 548 3351 cui
572 3288 650 3350 felix
677 3290 783 3350 isdem
807 3291 933 3350 amicus
957 3290 1155 3369 iungebatur
1174 3289 1317 3351 assidue.
1343 3289 1433 3372 Ergo
1451 3299 1486 3349 ut
1502 3299 1601 3367 cepta

315 3379 546 3458 insequamur:
572 3378 743 3439 Boleslaus
768 3380 864 3457 igitur
889 3380 1026 3439 domum
1053 3381 1221 3457 propriam
1248 3399 1306 3440 seu
1330 3392 1446 3440 curtim
1474 3380 1602 3439 habens

315 3468 348 3529 in
372 3469 463 3541 urbe,
496 3469 694 3547 cognomine
729 3470 908 3529 vocitatam
941 3488 1012 3541 suo,
1040 3468 1185 3547 undique
1221 3470 1285 3528 iam
1322 3470 1435 3528 iaculis
1467 3467 1623 3544 dyaboli·

315 3560 484 3618 sauciatus
509 3556 761 3636 cupiditateque
782 3556 942 3638 regnandi
960 3576 1131 3627 accensus,
1157 3557 1235 3618 dum
1253 3558 1497 3635 sollenrpnitas⁰
1522 3557 1600 3617 bea-

314 3655 424 3705 torum
451 3643 573 3708 Cosme
598 3656 630 3707 et
654 3646 807 3708 Damiani
831 3655 1023 3722 martyrum,
1048 3665 1112 3725 que
1138 3646 1242 3707 biduo
1268 3653 1360 3707 antep
1390 3647 1481 3707 beati
1506 3644 1600 3707 arch·

315 3735 420 3813 angeli
439 3734 613 3797 Michaelis
630 3734 757 3809 colitur,
774 3738 918 3810 instaret,
942 3736 1020 3796 inibi
1037 3736 1195 3815 quoniam
1211 3736 1243 3796 in
1262 3736 1389 3797 honore
1405 3734 1602 3797 eorumdem

316 3833 506 3885 sanctorum
530 3833 724 3886 consecrata
749 3824 890 3885 habetur
922 3824 1070 3899 ecclesia,
1103 3824 1286 3897 capiundeq
1315 3825 1500 3886 occasionis
1525 3843 1600 3885 cau·

316 3931 385 3972 sam
403 3923 509 3974 ratus:
534 3912 697 3990 prelatum
716 3912 850 3973 fratrem
876 3933 971 3975 suum
996 3910 1126 3974 felicem
1143 3914 1260 3976 dolose
1277 3934 1339 3975 ceu
1353 3914 1395 3975 ad
1414 3914 1602 3974 convivium

316 4003 463 4077 accersit,
488 4003 547 4063 sed
572 4012 609 4063 ut
625 4022 737 4063 revera
755 4002 870 4082 patuit,
898 4004 1014 4078 pocius
1031 4004 1073 4064 ad
1099 4003 1361 4065 immolandum.r
1390 4002 1465 4081 Que
1483 4014 1601 4063 cuncta

316 4092 477 4168 quamvis³
501 4093 562 4153 sibi
598 4093 770 4154 notissima
807 4090 924 4165 forent,
954 4102 1064 4152 tamen
1105 4094 1217 4154 animo
1252 4091 1419 4170 intrepido
1456 4110 1600 4167 manens

405 4283 432 4345 a)
452 4281 505 4334 Un.
525 4289 629 4336 exstat.
655 4280 685 4351 b)
704 4282 748 4333 Un
778 4282 845 4334 iecit
864 4282 994 4334 ecclesie.
1021 4282 1047 4348 c)
1069 4282 1121 4336 Un.
1147 4290 1299 4349 quatenus.
1321 4283 1350 4348 d)
1377 4283 1430 4335 Un.
1449 4282 1599 4347 tonderet;

316 4352 368 4404 Un.
389 4353 407 4404 b
428 4353 575 4406 conderet.
604 4355 631 4417 e)
652 4354 724 4419 Kap.
744 4355 894 4413 intentum,
915 4352 967 4404 Un.
988 4353 1135 4405 intectum.
1165 4359 1186 4417 t)
1207 4355 1260 4408 Un.
1280 4361 1477 4422 congregaret.
1506 4357 1534 4421 g)
1554 4353 1601 4405 Un

315 4424 493 4489 vincibilem;
513 4423 565 4477 Un.
586 4425 604 4476 b
624 4425 813 4478 evincibilem.
834 4425 862 4488 hl
883 4424 936 4477 Un.
951 4440 1015 4476 eum
1037 4423 1197 4493 (opraveno
1211 4442 1224 4477 z
1239 4426 1328 4493 eam);
1349 4425 1401 4478 Un.
1416 4426 1442 4477 b.
1462 4426 1602 4494 opravuje

317 4510 354 4560 po
374 4497 470 4547 strare
490 4494 586 4563 Caym.
616 4497 636 4548 il
657 4496 709 4548 Un.
724 4511 763 4551 se.
793 4496 823 4556 kl
843 4495 887 4548 Un
916 4504 1023 4548 asveta.
1044 4497 1062 4559 l)
1082 4496 1136 4550 Un.
1157 4498 1282 4548 martirii.
1303 4497 1340 4562 m)
1361 4497 1415 4548 Un.
1437 4510 1605 4562 perennem.

315 4568 343 4630 nl
358 4566 411 4618 Un.
429 4565 636 4632 Saxaniorum;
655 4567 709 4619 Un.
729 4569 755 4620 b.
776 4567 977 4621 Saxoniorum.
998 4567 1027 4633 o)
1046 4568 1098 4619 Un.
1120 4568 1316 4634 solempnitas„
1336 4568 1364 4635 p)
1386 4568 1438 4621 Un.
1459 4569 1550 4620 nema.
1570 4569 1600 4635 q)

315 4636 387 4700 Kap.
409 4639 486 4703 cepit
506 4638 587 4701 inde3
617 4639 670 4692 Un.
690 4640 708 4691 b
728 4639 866 4706 opravuje
891 4655 929 4705 po
948 4640 1045 4691 strand
1074 4639 1223 4705 capiende.
1252 4641 1275 4706 r)
1301 4640 1355 4693 Un.
1378 4638 1602 4708 ymmolandum.

315 4709 340 4773 s)
359 4707 412 4761 Un.
432 4709 535 4775 spathe
555 4717 688 4761 cunctam
708 4710 762 4763 sibi
782 4718 839 4763 not.
858 4710 874 4762 s.
894 4711 1034 4777 quamvis,
1055 4710 1128 4776 Kap.
1142 4711 1228 4775 totei,
1245 4711 1328 4781 jenie
1349 4714 1395 4764 ma
1414 4718 1527 4764 cuncta.
1548 4710 1601 4764 Un.

316 4781 361 4831 rna
381 4796 418 4847 po
431 4780 529 4833 strand
549 4781 679 4850 pozdejs‘i
698 4796 822 4847 opravu:
843 4797 915 4835 cum.
