3917 5742
846 684 982 751 Kapitola
1001 682 1109 735 sedma.
1567 684 1617 733 157

333 877 367 929 et
389 868 521 949 gladius
545 866 587 927 ad
611 870 779 929 victimam
805 863 939 928 Christo
964 864 1209 943 preparandam
1233 867 1419 926 exacuitur.
1443 860 1511 925 Sed
1536 863 1618 943 quid

333 957 484 1019 dolorem
520 956 641 1029 cordis,
676 955 757 1035 quid
794 956 949 1018 lacrimas
986 953 1092 1015 oculis
1128 956 1336 1033 congemino,
1371 953 1452 1014 dum
1476 963 1619 1013 mortem

333 1050 421 1121 iusti,
459 1049 634 1107 transitum
674 1048 863 1107 innocentis
901 1042 1014 1105 multis
1050 1045 1260 1105 sermonibus
1300 1060 1404 1123 cogor
1442 1041 1619 1102 enarrare?

333 1135 449 1197 Habet
483 1143 574 1196 certe
609 1134 751 1212 plurima
775 1135 876 1194 verba
912 1132 1011 1194 dolor
1046 1136 1170 1213 ingens.
1195 1129 1263 1192 Sed
1289 1135 1480 1208 passionem
1513 1134 1620 1193 sancti

235 1236 238 1241 '
333 1227 488 1302 martyris
512 1223 608 1285 avide
633 1226 717 1284 scire
742 1223 956 1300 cupientibus
980 1240 1022 1282 ne
1046 1221 1104 1284 diu
1129 1219 1290 1283 differam.

423 1331 536 1412 Surgit
551 1350 634 1392 mox
649 1333 783 1392 victima
799 1327 923 1391 Christi
939 1327 1068 1390 futurus
1086 1327 1431 1390 beatusWenceslaus
1445 1334 1493 1389 et·
1514 1327 1620 1388 eccle·

333 1424 418 1483 siam
442 1428 559 1481 sancto
584 1439 645 1480 suo
670 1420 726 1481 illo
762 1438 856 1481 more
891 1437 1073 1496 properare
1109 1420 1236 1492 siciens
1274 1420 1423 1479 oracioni
1455 1434 1523 1495 quo
1555 1417 1620 1478 sibi

335 1509 511 1587 prolixiori
547 1510 770 1570 secretissime
807 1509 1027 1585 procumbere
1063 1507 1184 1581 liceret,
1220 1510 1414 1587 priusquam
1450 1507 1621 1585 popularis

334 1599 549 1660 adventasset
583 1606 777 1671 conventus,
810 1606 844 1659 et
867 1605 904 1657 ut
928 1605 1043 1674 pastor
1068 1599 1176 1657 bonus
1200 1615 1275 1657 cum
1300 1614 1400 1677 grege
1424 1614 1620 1658 communes

335 1691 573 1749 matutinarum
598 1687 714 1749 laudes
738 1686 788 1747 vel
813 1687 928 1748 audire
953 1685 1003 1746 vel
1028 1694 1225 1762 percantare
1252 1688 1398 1763 cupiens,
1423 1684 1620 1747 insidiarum

335 1796 418 1837 mox
453 1776 591 1856 laqueos
626 1779 820 1855 perpetitur.
861 1774 947 1835 Nam
980 1776 1144 1852 presbiter
1177 1775 1261 1838 illius
1287 1775 1434 1846 ecclesie,
1467 1793 1552 1835 unus
1576 1792 1621 1834 ex

335 1866 407 1943 hiis,
433 1885 452 1925 a
476 1869 597 1945 quibus
621 1884 756 1946 egressa
780 1872 832 1925 est
855 1866 1014 1944 iniquitas
1039 1884 1058 1924 a
1082 1863 1252 1938 Babilone‚
1277 1882 1358 1925 mox
1382 1874 1419 1925 ut
1434 1866 1540 1924 virum
1565 1861 1620 1924 dei

335 1949 532 2016 adventareb
554 1957 737 2033 perspexit,
772 1955 959 2015 secundum
995 1956 1177 2014 iussionem
1219 1951 1439 2033 malignorum
1480 1951 1620 2014 ecclesie

335 2047 469 2106 ianuam
505 2044 632 2105 clausit.
673 2043 850 2124 insurgunt
886 2050 918 2101 et
954 2050 1070 2120 parate
1106 2043 1234 2115 insidie,
1269 2040 1371 2103 frater
1407 2040 1563 2104 videlicet
1587 2048 1621 2102 et

335 2136 444 2206 omnis
476 2136 548 2194 eius
579 2141 755 2193 armatura.
790 2131 834 2193 Et
858 2132 975 2192 videns
998 2128 1141 2206 fratrem,
1177 2133 1233 2194 dei
1256 2130 1382 2194 electus
1406 2131 1509 2206 miles,
1545 2149 1621 2191 cum

334 2224 520 2302 graciarum
537 2224 683 2298 accione,
708 2221 830 2282 collum
848 2224 951 2300 ipsius
970 2220 1114 2282 brachiis
1131 2220 1336 2299 amplectens
1360 2241 1400 2283 ac
1412 2221 1621 2295 deosculans,

336 2312 467 2388 salutat,
492 2311 625 2371 dicens:
649 2310 739 2371 Bene
764 2330 897 2389 semper
921 2309 1042 2385 valeas,
1066 2314 1111 2372 mi
1135 2309 1243 2386 frater,
1267 2320 1301 2371 et
1317 2310 1416 2373 bonis
1432 2312 1499 2372 vite
1524 2310 1621 2372 huius

336 2420 375 2461 ac
400 2397 508 2460 future
533 2398 755 2477 locupleteris,
780 2408 813 2461 et
836 2408 869 2460 te
894 2396 1048 2461 Christus
1073 2402 1105 2461 in
1130 2419 1191 2461 suo
1216 2408 1332 2460 eterno
1362 2402 1513 2462 convivio
1540 2401 1621 2461 reci·

337 2493 414 2567 piat,
439 2492 496 2569 qui
521 2508 573 2549 me
598 2488 669 2550 heri
692 2497 784 2550 tanta
810 2487 1018 2566 plenitudine
1042 2498 1076 2550 et
1099 2507 1193 2550 meos
1218 2486 1372 2551 refecisti.
1409 2488 1543 2570 Atque
1568 2486 1620 2551 ille

336 2581 482 2655 superbo
508 2580 625 2653 spiritu
650 2586 683 2638 et
698 2581 802 2640 torvis
819 2578 933 2651 oculis,
961 2580 1092 2659 erigens
1108 2597 1221 2639 ensem
1239 2597 1347 2652 manu,
1373 2597 1471 2658 quem
1489 2578 1621 2640 occulte

336 2669 490 2747 gestabat
513 2668 575 2727 sub
601 2665 751 2740 clamide,
768 2667 957 2746 respondit:
983 2666 1066 2728 Heri
1090 2667 1225 2747 quidem
1251 2676 1351 2745 prout
1366 2676 1501 2745 tempus
1518 2668 1621 2737 dedit,

336 2774 424 2817 nunc
449 2763 561 2816 autem
586 2758 633 2817 sic
649 2754 751 2817 frater
774 2754 867 2819 fratri
891 2757 1116 2819 ministrabit.c
1139 2755 1183 2817 Et
1206 2757 1347 2830 vibranS,
1373 2760 1405 2818 in
1423 2760 1532 2834 capite
1549 2759 1621 2817 eius

336 2843 413 2905 ferit
436 2843 556 2924 gladio,
580 2848 703 2925 vixque
728 2849 931 2926 sanguinem,
958 2848 1077 2906 virtute
1102 2845 1231 2907 domini
1254 2843 1395 2919 favente,
1420 2845 1540 2907 elicere
1561 2864 1620 2923 po-

336 2936 409 2994 tuit.
435 2932 546 2993 Tanto
579 2934 718 2995 horrore
750 2936 839 2996 enim
871 2938 971 2995 miser
995 2954 1173 3012 percussus
1205 2943 1277 2995 erat
1309 2937 1356 2996 rei
1380 2934 1618 3016 magnitudine,
1639 2942 1756 3009 Fontes,

338 3030 375 3083 ut
398 3024 504 3083 eciam
536 3022 685 3083 secunda
716 3026 788 3085 vice
821 3021 951 3097 feriens,
983 3024 1085 3085 nichil
1116 3026 1176 3085 viri
1208 3022 1302 3085 fortis
1334 3041 1370 3084 se
1394 3043 1493 3101 posse
1523 3042 1622 3104 agere
1649 3014 1669 3079 1.
1689 3020 1750 3080 21⁹·

338 3114 521 3172 miraretur.
561 3108 664 3172 Cuius
700 3113 825 3174 nudum
861 3132 921 3174 sua
957 3131 1057 3173 manu
1097 3132 1211 3174 ensem
1251 3114 1368 3175 beatus
1399 3112 1621 3174 Wenceslaus

339 3208 493 3277 captans:
525 3197 635 3276 Quam
660 3205 814 3279 pessime,
847 3205 962 3282 inquit,
988 3205 1058 3283 agis
1082 3202 1296 3264 wulnerando
1325 3204 1393 3263 mel
1433 3199 1516 3266 Cum
1542 3221 1620 3264 vero

337 3308 413 3350 eum
438 3297 589 3349 cerneret
612 3309 631 3349 a
659 3298 758 3366 cepto
789 3294 925 3352 minime
961 3291 1122 3352 desistere
1147 3309 1256 3368 opere,
1280 3292 1416 3354 tandem
1442 3294 1560 3367 ipsum,
1584 3299 1622 3353 ut

338 3381 431 3440 aiunt
462 3378 609 3457 quidam,
651 3382 821 3458 arripiens,
856 3380 1000 3457 pedibus
1032 3384 1100 3442 suis
1125 3380 1355 3442 substernens:
1392 3379 1473 3459 Eya,
1506 3383 1620 3461 inquit,

338 3467 466 3544 perdite
478 3475 537 3527 tuo
550 3467 682 3541 iudicio,
695 3468 798 3544 vides,
812 3462 929 3551 [quod]
948 3479 985 3530 ut
997 3470 1175 3542 bestiarum
1190 3469 1359 3531 minimam
1372 3490 1471 3532 manu
1486 3472 1621 3549 propria

336 3565 370 3617 te
387 3564 560 3617 conterere
577 3556 714 3631 valeam,
738 3558 797 3620 sed
815 3561 903 3620 absit
919 3559 1039 3620 dextre
1063 3560 1147 3619 servi
1171 3559 1233 3632 dei,
1249 3568 1286 3619 ut
1310 3578 1457 3638 unquam
1474 3558 1620 3620 fraterno

337 3665 457 3707 cruore
489 3646 682 3707 maculetur.
722 3646 953 3727 Gladiumque,
985 3667 1086 3727 quem
1117 3647 1308 3720 abstulerat,
1347 3647 1437 3710 fratri
1470 3650 1621 3723 restituit,

336 3728 491 3795 manumd
513 3754 558 3795 ex
581 3754 623 3796 eo
648 3738 713 3795 iam
738 3736 1026 3816 sanguinolentam
1043 3737 1160 3813 ferens,
1184 3737 1357 3800 ecclesiam
1372 3738 1529 3800 velociter
1546 3756 1621 3814 pro·

338 3842 465 3900 perans.
507 3822 564 3884 Ille
599 3844 679 3885 vero
722 3824 836 3886 infelix
871 3845 953 3886 voce
992 3827 1108 3907 grandi
1143 3826 1327 3889 vociferans
1367 3846 1510 3908 eumque
1550 3845 1621 3904 per-

338 3928 496 3993 sequens:
520 3911 596 3990 Mei,
620 3916 733 3992 inquit,
759 3915 831 3988 mei,
849 3916 905 3975 ubi
923 3916 1022 3977 estis?
1045 3915 1192 3978 Domino
1207 3923 1334 3977 vestroe
1357 3935 1457 3996 quam
1476 3918 1621 3995 pessime

338 3996 541 4063 succurritiss
566 4009 600 4063 et
611 4003 669 4063 tali
684 4004 731 4063 ing
752 4006 906 4084 angustia
923 4000 1156 4067 constitutumh
1177 4007 1295 4067 misere
1312 4006 1507 4066 subvenitisl
1525 4003 1621 4065 Tunc

337 4091 445 4151 omnis
469 4090 689 4171 malignorum
707 4087 838 4154 cohorsi
855 4092 898 4152 de
915 4092 1051 4154 latebris
1067 4095 1205 4176 profugi,
1222 4113 1298 4155 cum
1313 4095 1431 4176 gladiis
1448 4105 1481 4156 et
1498 4093 1621 4154 lanceis

338 4176 1619 4266 multisprorumpentes,vulneribusgravibuslaniantes,interemeruntleum]

338 4278 415 4329 ante
439 4267 595 4331 ecclesie¹⁴
617 4270 761 4332 ianuam.
785 4269 882 4332 Tunc
917 4272 1023 4332 eciam
1060 4281 1175 4333 sancta
1212 4274 1322 4334 anima
1357 4275 1389 4333 in
1414 4272 1468 4334 illo
1500 4290 1620 4349 campo

338 4359 533 4432 certaminis
558 4359 656 4420 huius
671 4360 736 4421 vite
753 4359 892 4422 liberata
917 4361 1093 4442 ergastulo,
1117 4364 1274 4443 sanguine
1291 4362 1447 4436 laureata,
1472 4360 1622 4442 migravit

427 4584 455 4653 a)
475 4584 526 4638 Un.
546 4588 637 4638 nema.
669 4587 697 4648 b)
717 4587 770 4639 Un.
791 4588 1004 4643 adventantem.
1036 4588 1063 4657 c)
1082 4588 1107 4641 V
1127 4587 1199 4657 Kap.
1224 4604 1373 4656 opraveno
1398 4588 1621 4640 aministrabat.

339 4652 369 4721 d)
387 4653 432 4706 Un
461 4671 646 4724 manumque.
666 4663 694 4718 e)
714 4659 786 4726 Kap.
806 4660 925 4715 domino
943 4661 1017 4727 (opr.
1037 4678 1052 4714 z
1072 4660 1231 4726 dominum)
1250 4667 1387 4713 vestrum.
1407 4660 1428 4721 r')
1449 4659 1501 4711 Un.
1521 4673 1621 4711 sucur-

339 4725 408 4778 ritis.
428 4728 456 4792 g)
470 4725 524 4779 Un.
539 4735 647 4780 etcum
661 4730 698 4781 in.
718 4729 748 4796 h)
764 4730 837 4799 Kap.
852 4735 1011 4785 constituto
1025 4731 1134 4801 (oprav.
1151 4730 1388 4801 zconstitutum).
1407 4731 1427 4802 i)
1440 4731 1493 4784 Un.
1507 4731 1621 4783 choors.

339 4796 369 4861 k)
390 4794 442 4848 Un.
462 4797 576 4851 ianuam
596 4799 726 4853 ecclesie.
