<?xml version="1.0" encoding="UTF-8"?>
<!DOCTYPE html PUBLIC "-//W3C//DTD XHTML 1.0 Transitional//EN"
    "http://www.w3.org/TR/xhtml1/DTD/xhtml1-transitional.dtd">
<html xmlns="http://www.w3.org/1999/xhtml" xml:lang="en" lang="en">
 <head>
  <title>
</title>
<meta http-equiv="Content-Type" content="text/html;charset=utf-8" />
  <meta name='ocr-system' content='tesseract 3.04.00' />
  <meta name='ocr-capabilities' content='ocr_page ocr_carea ocr_par ocr_line ocrx_word'/>
</head>
<body>
  <div class='ocr_page' id='page_1' title='image "./nejstarkronikae00pekagoog_0156.png"; bbox 0 0 3917 5742; ppageno 0'>
   <div class='ocr_carea' id='block_1_1' title="bbox 343 664 1268 734">
    <p class='ocr_par' dir='ltr' id='par_1_1' title="bbox 343 664 1268 734">
     <span class='ocr_line' id='line_1_1' title="bbox 343 664 1268 734; baseline -0.002 -15"><span class='ocrx_word' id='word_1_1' title='bbox 343 670 395 719; x_wconf 82' lang='lat'>15⁶</span> <span class='ocrx_word' id='word_1_2' title='bbox 700 665 722 731; x_wconf 91' lang='lat' dir='ltr'>J.</span> <span class='ocrx_word' id='word_1_3' title='bbox 742 665 848 719; x_wconf 72' lang='lat' dir='ltr'>Peirai:</span> <span class='ocrx_word' id='word_1_4' title='bbox 867 664 1008 734; x_wconf 68' lang='lat' dir='ltr'>Nejstarsl</span> <span class='ocrx_word' id='word_1_5' title='bbox 1028 666 1152 720; x_wconf 79' lang='lat' dir='ltr'>lironilra</span> <span class='ocrx_word' id='word_1_6' title='bbox 1170 666 1268 719; x_wconf 66' lang='lat' dir='ltr'>desita.</span> 
     </span>
    </p>
   </div>
   <div class='ocr_carea' id='block_1_2' title="bbox 340 846 1629 4222">
    <p class='ocr_par' dir='ltr' id='par_1_2' title="bbox 342 846 1627 1088">
     <span class='ocr_line' id='line_1_2' title="bbox 342 846 1626 927; baseline -0.001 -18"><span class='ocrx_word' id='word_1_7' title='bbox 342 848 432 924; x_wconf 88' lang='lat' dir='ltr'>lerat,</span> <span class='ocrx_word' id='word_1_8' title='bbox 455 868 517 927; x_wconf 91' lang='lat' dir='ltr'>pro</span> <span class='ocrx_word' id='word_1_9' title='bbox 541 847 643 910; x_wconf 88' lang='lat' dir='ltr'>solius</span> <span class='ocrx_word' id='word_1_10' title='bbox 667 846 721 909; x_wconf 91' lang='lat' dir='ltr'>dei</span> <span class='ocrx_word' id='word_1_11' title='bbox 745 865 861 908; x_wconf 87' lang='lat' dir='ltr'>amore</span> <span class='ocrx_word' id='word_1_12' title='bbox 884 848 945 908; x_wconf 88' lang='lat' dir='ltr'>sibi</span> <span class='ocrx_word' id='word_1_13' title='bbox 969 849 1112 921; x_wconf 85' lang='lat' dir='ltr'>emebat,</span> <span class='ocrx_word' id='word_1_14' title='bbox 1137 856 1170 909; x_wconf 93' lang='lat' dir='ltr'>et</span> <span class='ocrx_word' id='word_1_15' title='bbox 1193 850 1239 909; x_wconf 93' lang='lat' dir='ltr'>ita</span> <span class='ocrx_word' id='word_1_16' title='bbox 1263 846 1397 908; x_wconf 87' lang='lat' dir='ltr'>deitatis</span> <span class='ocrx_word' id='word_1_17' title='bbox 1413 850 1522 926; x_wconf 73' lang='lat' dir='ltr'>operia</span> <span class='ocrx_word' id='word_1_18' title='bbox 1545 866 1626 926; x_wconf 88' lang='lat' dir='ltr'>ope·</span> 
     </span>
     <span class='ocr_line' id='line_1_3' title="bbox 342 931 1627 1017; baseline -0.001 -19"><span class='ocrx_word' id='word_1_19' title='bbox 342 957 420 1013; x_wconf 89' lang='lat' dir='ltr'>ram,</span> <span class='ocrx_word' id='word_1_20' title='bbox 444 938 563 999; x_wconf 91' lang='lat' dir='ltr'>beatus</span> <span class='ocrx_word' id='word_1_21' title='bbox 579 937 722 1016; x_wconf 90' lang='lat' dir='ltr'>spiritus,</span> <span class='ocrx_word' id='word_1_22' title='bbox 739 936 833 1012; x_wconf 93' lang='lat' dir='ltr'>dans,</span> <span class='ocrx_word' id='word_1_23' title='bbox 855 955 1025 1017; x_wconf 90' lang='lat' dir='ltr'>nunquam</span> <span class='ocrx_word' id='word_1_24' title='bbox 1042 931 1242 1017; x_wconf 77' lang='lat' dir='ltr'>quidquamb</span> <span class='ocrx_word' id='word_1_25' title='bbox 1263 937 1495 998; x_wconf 88' lang='lat' dir='ltr'>consuetudini</span> <span class='ocrx_word' id='word_1_26' title='bbox 1519 936 1627 998; x_wconf 88' lang='lat' dir='ltr'>divine</span> 
     </span>
     <span class='ocr_line' id='line_1_4' title="bbox 342 1026 673 1088; baseline -0.003 0"><span class='ocrx_word' id='word_1_27' title='bbox 342 1026 459 1088; x_wconf 88' lang='lat' dir='ltr'>deesse</span> <span class='ocrx_word' id='word_1_28' title='bbox 483 1026 673 1088; x_wconf 85' lang='lat' dir='ltr'>sufferabat.</span> 
     </span>
    </p>

    <p class='ocr_par' dir='ltr' id='par_1_3' title="bbox 340 1111 1629 1908">
     <span class='ocr_line' id='line_1_5' title="bbox 431 1111 1626 1197; baseline -0.001 -22"><span class='ocrx_word' id='word_1_29' title='bbox 431 1115 529 1197; x_wconf 82' lang='lat' dir='ltr'>Legis</span> <span class='ocrx_word' id='word_1_30' title='bbox 553 1116 624 1189; x_wconf 90' lang='lat' dir='ltr'>hec,</span> <span class='ocrx_word' id='word_1_31' title='bbox 650 1111 802 1194; x_wconf 81' lang='lat' dir='ltr'>pontifex</span> <span class='ocrx_word' id='word_1_32' title='bbox 828 1112 922 1191; x_wconf 87' lang='lat' dir='ltr'>alme,</span> <span class='ocrx_word' id='word_1_33' title='bbox 947 1125 980 1175; x_wconf 91' lang='lat' dir='ltr'>et</span> <span class='ocrx_word' id='word_1_34' title='bbox 1004 1134 1070 1193; x_wconf 74' lang='lat' dir='ltr'>qus</span> <span class='ocrx_word' id='word_1_35' title='bbox 1094 1116 1149 1174; x_wconf 89' lang='lat' dir='ltr'>vix</span> <span class='ocrx_word' id='word_1_36' title='bbox 1173 1116 1265 1193; x_wconf 87' lang='lat' dir='ltr'>ipsos</span> <span class='ocrx_word' id='word_1_37' title='bbox 1289 1114 1409 1176; x_wconf 91' lang='lat' dir='ltr'>summi</span> <span class='ocrx_word' id='word_1_38' title='bbox 1432 1115 1462 1174; x_wconf 93' lang='lat' dir='ltr'>in</span> <span class='ocrx_word' id='word_1_39' title='bbox 1484 1114 1626 1176; x_wconf 90' lang='lat' dir='ltr'>eeclesia</span> 
     </span>
     <span class='ocr_line' id='line_1_6' title="bbox 341 1202 1627 1285; baseline 0 -20"><span class='ocrx_word' id='word_1_40' title='bbox 341 1204 453 1285; x_wconf 83' lang='lat' dir='ltr'>gracia</span> <span class='ocrx_word' id='word_1_41' title='bbox 477 1204 530 1265; x_wconf 90' lang='lat' dir='ltr'>dei</span> <span class='ocrx_word' id='word_1_42' title='bbox 554 1204 641 1266; x_wconf 90' lang='lat' dir='ltr'>viros</span> <span class='ocrx_word' id='word_1_43' title='bbox 663 1205 720 1265; x_wconf 92' lang='lat' dir='ltr'>vix</span> <span class='ocrx_word' id='word_1_44' title='bbox 739 1202 876 1283; x_wconf 91' lang='lat' dir='ltr'>implere</span> <span class='ocrx_word' id='word_1_45' title='bbox 901 1206 1050 1282; x_wconf 76' lang='lat' dir='ltr'>potuisse</span> <span class='ocrx_word' id='word_1_46' title='bbox 1075 1222 1224 1279; x_wconf 84' lang='lat' dir='ltr'>noveras,</span> <span class='ocrx_word' id='word_1_47' title='bbox 1257 1203 1341 1281; x_wconf 91' lang='lat' dir='ltr'>layci</span> <span class='ocrx_word' id='word_1_48' title='bbox 1365 1203 1491 1267; x_wconf 88' lang='lat' dir='ltr'>ordinis</span> <span class='ocrx_word' id='word_1_49' title='bbox 1514 1205 1627 1279; x_wconf 88' lang='lat' dir='ltr'>virum,</span> 
     </span>
     <span class='ocr_line' id='line_1_7' title="bbox 341 1290 1628 1373; baseline 0 -19"><span class='ocrx_word' id='word_1_50' title='bbox 341 1293 486 1354; x_wconf 91' lang='lat' dir='ltr'>eundem</span> <span class='ocrx_word' id='word_1_51' title='bbox 511 1294 630 1354; x_wconf 92' lang='lat' dir='ltr'>ducem</span> <span class='ocrx_word' id='word_1_52' title='bbox 655 1303 688 1354; x_wconf 94' lang='lat' dir='ltr'>et</span> <span class='ocrx_word' id='word_1_53' title='bbox 711 1294 917 1370; x_wconf 87' lang='lat' dir='ltr'>prepositum</span> <span class='ocrx_word' id='word_1_54' title='bbox 942 1295 1040 1354; x_wconf 90' lang='lat' dir='ltr'>unius</span> <span class='ocrx_word' id='word_1_55' title='bbox 1064 1294 1180 1373; x_wconf 86' lang='lat' dir='ltr'>gentis,</span> <span class='ocrx_word' id='word_1_56' title='bbox 1205 1311 1270 1372; x_wconf 90' lang='lat' dir='ltr'>que</span> <span class='ocrx_word' id='word_1_57' title='bbox 1295 1303 1328 1354; x_wconf 94' lang='lat' dir='ltr'>et</span> <span class='ocrx_word' id='word_1_58' title='bbox 1351 1297 1507 1373; x_wconf 82' lang='lat' dir='ltr'>gencium</span> <span class='ocrx_word' id='word_1_59' title='bbox 1531 1290 1628 1366; x_wconf 81' lang='lat' dir='ltr'>ferox</span> 
     </span>
     <span class='ocr_line' id='line_1_8' title="bbox 340 1381 1628 1462; baseline 0.001 -20"><span class='ocrx_word' id='word_1_60' title='bbox 340 1381 413 1460; x_wconf 93' lang='lat' dir='ltr'>ipsa</span> <span class='ocrx_word' id='word_1_61' title='bbox 430 1393 548 1444; x_wconf 90' lang='lat' dir='ltr'>natura</span> <span class='ocrx_word' id='word_1_62' title='bbox 565 1383 715 1454; x_wconf 88' lang='lat' dir='ltr'>habetur,</span> <span class='ocrx_word' id='word_1_63' title='bbox 740 1382 943 1459; x_wconf 83' lang='lat' dir='ltr'>adimplesse</span> <span class='ocrx_word' id='word_1_64' title='bbox 958 1382 1183 1443; x_wconf 84' lang='lat' dir='ltr'>tenacissimec</span> <span class='ocrx_word' id='word_1_65' title='bbox 1206 1382 1341 1443; x_wconf 84' lang='lat' dir='ltr'>miraris.</span> <span class='ocrx_word' id='word_1_66' title='bbox 1366 1381 1445 1457; x_wconf 92' lang='lat' dir='ltr'>Oro,</span> <span class='ocrx_word' id='word_1_67' title='bbox 1462 1400 1522 1458; x_wconf 90' lang='lat' dir='ltr'>pro</span> <span class='ocrx_word' id='word_1_68' title='bbox 1538 1383 1628 1462; x_wconf 89' lang='lat' dir='ltr'>inge-</span> 
     </span>
     <span class='ocr_line' id='line_1_9' title="bbox 342 1468 1629 1550; baseline -0.001 -18"><span class='ocrx_word' id='word_1_69' title='bbox 342 1472 410 1532; x_wconf 88' lang='lat' dir='ltr'>nito</span> <span class='ocrx_word' id='word_1_70' title='bbox 435 1472 496 1532; x_wconf 87' lang='lat' dir='ltr'>tibi</span> <span class='ocrx_word' id='word_1_71' title='bbox 520 1473 689 1550; x_wconf 88' lang='lat' dir='ltr'>sapiencie</span> <span class='ocrx_word' id='word_1_72' title='bbox 712 1468 813 1545; x_wconf 89' lang='lat' dir='ltr'>fonte,</span> <span class='ocrx_word' id='word_1_73' title='bbox 846 1482 977 1549; x_wconf 89' lang='lat' dir='ltr'>patrum</span> <span class='ocrx_word' id='word_1_74' title='bbox 1002 1468 1202 1543; x_wconf 88' lang='lat' dir='ltr'>felicissime,</span> <span class='ocrx_word' id='word_1_75' title='bbox 1234 1489 1366 1532; x_wconf 88' lang='lat' dir='ltr'>mecum</span> <span class='ocrx_word' id='word_1_76' title='bbox 1391 1480 1424 1532; x_wconf 88' lang='lat' dir='ltr'>et</span> <span class='ocrx_word' id='word_1_77' title='bbox 1449 1475 1571 1549; x_wconf 91' lang='lat' dir='ltr'>scripta</span> <span class='ocrx_word' id='word_1_78' title='bbox 1596 1486 1629 1531; x_wconf 86' lang='lat' dir='ltr'>et</span> 
     </span>
     <span class='ocr_line' id='line_1_10' title="bbox 341 1559 1628 1640; baseline -0.002 -18"><span class='ocrx_word' id='word_1_79' title='bbox 341 1560 518 1622; x_wconf 90' lang='lat' dir='ltr'>scribenda</span> <span class='ocrx_word' id='word_1_80' title='bbox 543 1559 641 1622; x_wconf 91' lang='lat' dir='ltr'>laude</span> <span class='ocrx_word' id='word_1_81' title='bbox 665 1561 765 1640; x_wconf 90' lang='lat' dir='ltr'>digna</span> <span class='ocrx_word' id='word_1_82' title='bbox 790 1559 941 1636; x_wconf 85' lang='lat' dir='ltr'>extollas,</span> <span class='ocrx_word' id='word_1_83' title='bbox 965 1561 1042 1640; x_wconf 87' lang='lat' dir='ltr'>quia</span> <span class='ocrx_word' id='word_1_84' title='bbox 1067 1562 1152 1621; x_wconf 91' lang='lat' dir='ltr'>sicut</span> <span class='ocrx_word' id='word_1_85' title='bbox 1177 1562 1328 1636; x_wconf 88' lang='lat' dir='ltr'>iusseras,</span> <span class='ocrx_word' id='word_1_86' title='bbox 1353 1570 1463 1639; x_wconf 90' lang='lat' dir='ltr'>preter</span> <span class='ocrx_word' id='word_1_87' title='bbox 1488 1579 1538 1633; x_wconf 89' lang='lat' dir='ltr'>ea,</span> <span class='ocrx_word' id='word_1_88' title='bbox 1563 1579 1628 1640; x_wconf 90' lang='lat' dir='ltr'>que</span> 
     </span>
     <span class='ocr_line' id='line_1_11' title="bbox 341 1642 1629 1728; baseline -0.001 -17"><span class='ocrx_word' id='word_1_89' title='bbox 341 1658 400 1711; x_wconf 90' lang='lat' dir='ltr'>tuo</span> <span class='ocrx_word' id='word_1_90' title='bbox 425 1670 482 1710; x_wconf 90' lang='lat' dir='ltr'>ore</span> <span class='ocrx_word' id='word_1_91' title='bbox 508 1649 688 1722; x_wconf 85' lang='lat' dir='ltr'>audieram,</span> <span class='ocrx_word' id='word_1_92' title='bbox 723 1658 781 1710; x_wconf 90' lang='lat' dir='ltr'>aut</span> <span class='ocrx_word' id='word_1_93' title='bbox 816 1668 948 1711; x_wconf 89' lang='lat' dir='ltr'>mecum</span> <span class='ocrx_word' id='word_1_94' title='bbox 979 1667 999 1708; x_wconf 89' lang='lat' dir='ltr'>a</span> <span class='ocrx_word' id='word_1_95' title='bbox 1030 1647 1096 1710; x_wconf 90' lang='lat' dir='ltr'>fide</span> <span class='ocrx_word' id='word_1_96' title='bbox 1129 1659 1163 1710; x_wconf 91' lang='lat' dir='ltr'>et</span> <span class='ocrx_word' id='word_1_97' title='bbox 1197 1650 1373 1711; x_wconf 87' lang='lat' dir='ltr'>sanctitate</span> <span class='ocrx_word' id='word_1_98' title='bbox 1409 1642 1529 1728; x_wconf 87' lang='lat' dir='ltr'>plenisd</span> <span class='ocrx_word' id='word_1_99' title='bbox 1552 1668 1629 1710; x_wconf 89' lang='lat' dir='ltr'>vera</span> 
     </span>
     <span class='ocr_line' id='line_1_12' title="bbox 341 1735 1628 1820; baseline 0 -21"><span class='ocrx_word' id='word_1_100' title='bbox 341 1757 553 1817; x_wconf 88' lang='lat' dir='ltr'>conpereras,</span> <span class='ocrx_word' id='word_1_101' title='bbox 577 1738 687 1819; x_wconf 91' lang='lat' dir='ltr'>aliqua</span> <span class='ocrx_word' id='word_1_102' title='bbox 712 1738 787 1800; x_wconf 92' lang='lat' dir='ltr'>stilo</span> <span class='ocrx_word' id='word_1_103' title='bbox 812 1739 1033 1819; x_wconf 87' lang='lat' dir='ltr'>perstringere</span> <span class='ocrx_word' id='word_1_104' title='bbox 1057 1738 1194 1799; x_wconf 91' lang='lat' dir='ltr'>omnino</span> <span class='ocrx_word' id='word_1_105' title='bbox 1219 1737 1356 1820; x_wconf 88' lang='lat' dir='ltr'>refugio.</span> <span class='ocrx_word' id='word_1_106' title='bbox 1380 1735 1448 1799; x_wconf 90' lang='lat' dir='ltr'>Sed</span> <span class='ocrx_word' id='word_1_107' title='bbox 1471 1748 1567 1816; x_wconf 85' lang='lat' dir='ltr'>cepta</span> <span class='ocrx_word' id='word_1_108' title='bbox 1592 1747 1628 1799; x_wconf 87' lang='lat' dir='ltr'>ut</span> 
     </span>
     <span class='ocr_line' id='line_1_13' title="bbox 341 1846 592 1908; baseline 0.004 -20"><span class='ocrx_word' id='word_1_109' title='bbox 341 1846 592 1908; x_wconf 86' lang='lat' dir='ltr'>prosequamur.</span> 
     </span>
    </p>

    <p class='ocr_par' dir='ltr' id='par_1_4' title="bbox 340 1916 1629 4222">
     <span class='ocr_line' id='line_1_14' title="bbox 431 1916 1627 1997; baseline -0.002 -20"><span class='ocrx_word' id='word_1_110' title='bbox 431 1917 554 1978; x_wconf 88' lang='lat' dir='ltr'>Beatus</span> <span class='ocrx_word' id='word_1_111' title='bbox 588 1925 714 1993; x_wconf 87' lang='lat' dir='ltr'>martyr</span> <span class='ocrx_word' id='word_1_112' title='bbox 738 1936 819 1977; x_wconf 92' lang='lat' dir='ltr'>mox</span> <span class='ocrx_word' id='word_1_113' title='bbox 855 1916 958 1997; x_wconf 91' lang='lat' dir='ltr'>gloria</span> <span class='ocrx_word' id='word_1_114' title='bbox 995 1916 1132 1978; x_wconf 89' lang='lat' dir='ltr'>honoris</span> <span class='ocrx_word' id='word_1_115' title='bbox 1167 1925 1201 1978; x_wconf 92' lang='lat' dir='ltr'>et</span> <span class='ocrx_word' id='word_1_116' title='bbox 1236 1916 1346 1994; x_wconf 90' lang='lat' dir='ltr'>operis</span> <span class='ocrx_word' id='word_1_117' title='bbox 1378 1917 1627 1993; x_wconf 88' lang='lat' dir='ltr'>perseverancia</span> 
     </span>
     <span class='ocr_line' id='line_1_15' title="bbox 341 2004 1628 2080; baseline -0.002 -13"><span class='ocrx_word' id='word_1_118' title='bbox 341 2006 565 2080; x_wconf 65' lang='lat' dir='ltr'>coronandus</span> <span class='ocrx_word' id='word_1_119' title='bbox 582 2015 618 2066; x_wconf 91' lang='lat' dir='ltr'>ut</span> <span class='ocrx_word' id='word_1_120' title='bbox 630 2005 784 2080; x_wconf 88' lang='lat' dir='ltr'>diximus,</span> <span class='ocrx_word' id='word_1_121' title='bbox 800 2005 997 2066; x_wconf 90' lang='lat' dir='ltr'>matutinam</span> <span class='ocrx_word' id='word_1_122' title='bbox 1010 2004 1143 2066; x_wconf 89' lang='lat' dir='ltr'>laudem</span> <span class='ocrx_word' id='word_1_123' title='bbox 1157 2004 1222 2066; x_wconf 90' lang='lat' dir='ltr'>deo</span> <span class='ocrx_word' id='word_1_124' title='bbox 1239 2005 1438 2080; x_wconf 64' lang='lat' dir='ltr'>redditurus</span> <span class='ocrx_word' id='word_1_125' title='bbox 1454 2005 1628 2066; x_wconf 88' lang='lat' dir='ltr'>ecclesiam</span> 
     </span>
     <span class='ocr_line' id='line_1_16' title="bbox 340 2093 1628 2175; baseline -0.001 -20"><span class='ocrx_word' id='word_1_126' title='bbox 340 2104 482 2156; x_wconf 91' lang='lat' dir='ltr'>matrem</span> <span class='ocrx_word' id='word_1_127' title='bbox 507 2097 597 2171; x_wconf 89' lang='lat' dir='ltr'>petit.</span> <span class='ocrx_word' id='word_1_128' title='bbox 623 2093 697 2156; x_wconf 89' lang='lat' dir='ltr'>Hac</span> <span class='ocrx_word' id='word_1_129' title='bbox 722 2105 834 2156; x_wconf 87' lang='lat' dir='ltr'>autem</span> <span class='ocrx_word' id='word_1_130' title='bbox 857 2095 969 2175; x_wconf 88' lang='lat' dir='ltr'>gracia</span> <span class='ocrx_word' id='word_1_131' title='bbox 993 2114 1012 2153; x_wconf 90' lang='lat' dir='ltr'>a</span> <span class='ocrx_word' id='word_1_132' title='bbox 1037 2094 1117 2155; x_wconf 82' lang='lat' dir='ltr'>deoe</span> <span class='ocrx_word' id='word_1_133' title='bbox 1140 2095 1187 2155; x_wconf 91' lang='lat' dir='ltr'>vir</span> <span class='ocrx_word' id='word_1_134' title='bbox 1210 2102 1323 2156; x_wconf 91' lang='lat' dir='ltr'>eterne</span> <span class='ocrx_word' id='word_1_135' title='bbox 1348 2096 1508 2156; x_wconf 89' lang='lat' dir='ltr'>memorie</span> <span class='ocrx_word' id='word_1_136' title='bbox 1533 2093 1628 2155; x_wconf 90' lang='lat' dir='ltr'>flore·</span> 
     </span>
     <span class='ocr_line' id='line_1_17' title="bbox 341 2182 1629 2260; baseline -0.002 -15"><span class='ocrx_word' id='word_1_137' title='bbox 341 2185 408 2258; x_wconf 89' lang='lat' dir='ltr'>bat,</span> <span class='ocrx_word' id='word_1_138' title='bbox 432 2193 468 2244; x_wconf 91' lang='lat' dir='ltr'>ut</span> <span class='ocrx_word' id='word_1_139' title='bbox 492 2183 569 2245; x_wconf 91' lang='lat' dir='ltr'>nulli</span> <span class='ocrx_word' id='word_1_140' title='bbox 595 2192 683 2245; x_wconf 93' lang='lat' dir='ltr'>esset</span> <span class='ocrx_word' id='word_1_141' title='bbox 707 2184 855 2258; x_wconf 92' lang='lat' dir='ltr'>dubium,</span> <span class='ocrx_word' id='word_1_142' title='bbox 887 2202 964 2244; x_wconf 90' lang='lat' dir='ltr'>eum</span> <span class='ocrx_word' id='word_1_143' title='bbox 989 2193 1067 2244; x_wconf 90' lang='lat' dir='ltr'>ante</span> <span class='ocrx_word' id='word_1_144' title='bbox 1102 2182 1221 2257; x_wconf 90' lang='lat' dir='ltr'>lucem,</span> <span class='ocrx_word' id='word_1_145' title='bbox 1245 2193 1323 2245; x_wconf 90' lang='lat' dir='ltr'>vota</span> <span class='ocrx_word' id='word_1_146' title='bbox 1347 2192 1383 2245; x_wconf 93' lang='lat' dir='ltr'>ut</span> <span class='ocrx_word' id='word_1_147' title='bbox 1418 2183 1629 2260; x_wconf 87' lang='lat' dir='ltr'>persolveret,</span> 
     </span>
     <span class='ocr_line' id='line_1_18' title="bbox 340 2266 1627 2350; baseline -0.002 -17"><span class='ocrx_word' id='word_1_148' title='bbox 340 2273 525 2333; x_wconf 90' lang='lat' dir='ltr'>sanctitatis</span> <span class='ocrx_word' id='word_1_149' title='bbox 557 2275 673 2335; x_wconf 87' lang='lat' dir='ltr'>ianuas</span> <span class='ocrx_word' id='word_1_150' title='bbox 705 2273 883 2336; x_wconf 89' lang='lat' dir='ltr'>aditurum.</span> <span class='ocrx_word' id='word_1_151' title='bbox 924 2272 968 2333; x_wconf 85' lang='lat' dir='ltr'>Et</span> <span class='ocrx_word' id='word_1_152' title='bbox 1000 2271 1086 2333; x_wconf 91' lang='lat' dir='ltr'>hanc</span> <span class='ocrx_word' id='word_1_153' title='bbox 1111 2273 1227 2334; x_wconf 90' lang='lat' dir='ltr'>horam</span> <span class='ocrx_word' id='word_1_154' title='bbox 1264 2273 1345 2334; x_wconf 89' lang='lat' dir='ltr'>alter</span> <span class='ocrx_word' id='word_1_155' title='bbox 1370 2266 1475 2348; x_wconf 76' lang='lat' dir='ltr'>Cayns</span> <span class='ocrx_word' id='word_1_156' title='bbox 1502 2280 1627 2350; x_wconf 90' lang='lat' dir='ltr'>presto-</span> 
     </span>
     <span class='ocr_line' id='line_1_19' title="bbox 341 2356 1629 2446; baseline -0.002 -23"><span class='ocrx_word' id='word_1_157' title='bbox 341 2362 437 2439; x_wconf 69' lang='lat' dir='ltr'>lans‘,</span> <span class='ocrx_word' id='word_1_158' title='bbox 466 2364 540 2422; x_wconf 90' lang='lat' dir='ltr'>neci</span> <span class='ocrx_word' id='word_1_159' title='bbox 576 2363 765 2442; x_wconf 90' lang='lat' dir='ltr'>peragende</span> <span class='ocrx_word' id='word_1_160' title='bbox 789 2373 993 2439; x_wconf 90' lang='lat' dir='ltr'>oportunam</span> <span class='ocrx_word' id='word_1_161' title='bbox 1025 2361 1246 2446; x_wconf 83' lang='lat' dir='ltr'>existimabat.</span> <span class='ocrx_word' id='word_1_162' title='bbox 1286 2360 1383 2423; x_wconf 90' lang='lat' dir='ltr'>Certe</span> <span class='ocrx_word' id='word_1_163' title='bbox 1407 2356 1530 2435; x_wconf 87' lang='lat' dir='ltr'>video,h</span> <span class='ocrx_word' id='word_1_164' title='bbox 1552 2361 1629 2440; x_wconf 91' lang='lat' dir='ltr'>quia</span> 
     </span>
     <span class='ocr_line' id='line_1_20' title="bbox 341 2446 1629 2532; baseline 0 -20"><span class='ocrx_word' id='word_1_165' title='bbox 341 2446 514 2532; x_wconf 81' lang='lat' dir='ltr'>quidquidi</span> <span class='ocrx_word' id='word_1_166' title='bbox 531 2470 677 2532; x_wconf 89' lang='lat' dir='ltr'>unquam</span> <span class='ocrx_word' id='word_1_167' title='bbox 691 2461 883 2513; x_wconf 90' lang='lat' dir='ltr'>sanctorum</span> <span class='ocrx_word' id='word_1_168' title='bbox 900 2453 1137 2529; x_wconf 89' lang='lat' dir='ltr'>scripturarum</span> <span class='ocrx_word' id='word_1_169' title='bbox 1155 2454 1276 2530; x_wconf 87' lang='lat' dir='ltr'>pagina</span> <span class='ocrx_word' id='word_1_170' title='bbox 1292 2448 1497 2529; x_wconf 90' lang='lat' dir='ltr'>implendum</span> <span class='ocrx_word' id='word_1_171' title='bbox 1514 2453 1629 2512; x_wconf 90' lang='lat' dir='ltr'>nunci-</span> 
     </span>
     <span class='ocr_line' id='line_1_21' title="bbox 342 2539 1628 2622; baseline -0.003 -20"><span class='ocrx_word' id='word_1_172' title='bbox 342 2549 464 2616; x_wconf 88' lang='lat' dir='ltr'>averat,</span> <span class='ocrx_word' id='word_1_173' title='bbox 489 2559 594 2620; x_wconf 91' lang='lat' dir='ltr'>usque</span> <span class='ocrx_word' id='word_1_174' title='bbox 618 2539 661 2600; x_wconf 91' lang='lat' dir='ltr'>ad</span> <span class='ocrx_word' id='word_1_175' title='bbox 687 2560 790 2603; x_wconf 91' lang='lat' dir='ltr'>unum</span> <span class='ocrx_word' id='word_1_176' title='bbox 815 2543 883 2602; x_wconf 87' lang='lat' dir='ltr'>iota</span> <span class='ocrx_word' id='word_1_177' title='bbox 919 2540 1216 2614; x_wconf 90' lang='lat' dir='ltr'>consumabuntur,</span> <span class='ocrx_word' id='word_1_178' title='bbox 1252 2560 1317 2620; x_wconf 88' lang='lat' dir='ltr'>que</span> <span class='ocrx_word' id='word_1_179' title='bbox 1352 2550 1385 2600; x_wconf 92' lang='lat' dir='ltr'>et</span> <span class='ocrx_word' id='word_1_180' title='bbox 1409 2541 1495 2600; x_wconf 90' lang='lat' dir='ltr'>male</span> <span class='ocrx_word' id='word_1_181' title='bbox 1531 2558 1628 2622; x_wconf 89' lang='lat' dir='ltr'>agen·</span> 
     </span>
     <span class='ocr_line' id='line_1_22' title="bbox 341 2625 1628 2710; baseline -0.002 -18"><span class='ocrx_word' id='word_1_182' title='bbox 341 2630 432 2692; x_wconf 86' lang='lat' dir='ltr'>tibus</span> <span class='ocrx_word' id='word_1_183' title='bbox 457 2629 574 2691; x_wconf 90' lang='lat' dir='ltr'>alludit</span> <span class='ocrx_word' id='word_1_184' title='bbox 597 2648 673 2690; x_wconf 92' lang='lat' dir='ltr'>curn</span> <span class='ocrx_word' id='word_1_185' title='bbox 699 2629 795 2692; x_wconf 86' lang='lat' dir='ltr'>dicit:</span> <span class='ocrx_word' id='word_1_186' title='bbox 828 2627 954 2704; x_wconf 78' lang='lat' dir='ltr'>OmniS,</span> <span class='ocrx_word' id='word_1_187' title='bbox 979 2632 1037 2709; x_wconf 90' lang='lat' dir='ltr'>qui</span> <span class='ocrx_word' id='word_1_188' title='bbox 1061 2628 1148 2690; x_wconf 88' lang='lat' dir='ltr'>male</span> <span class='ocrx_word' id='word_1_189' title='bbox 1172 2633 1248 2710; x_wconf 87' lang='lat' dir='ltr'>agit,</span> <span class='ocrx_word' id='word_1_190' title='bbox 1281 2629 1353 2691; x_wconf 91' lang='lat' dir='ltr'>odit</span> <span class='ocrx_word' id='word_1_191' title='bbox 1377 2626 1493 2690; x_wconf 90' lang='lat' dir='ltr'>lucem.</span> <span class='ocrx_word' id='word_1_192' title='bbox 1520 2625 1628 2709; x_wconf 88' lang='lat' dir='ltr'>[Joan.</span> 
     </span>
     <span class='ocr_line' id='line_1_23' title="bbox 342 2711 1628 2800; baseline -0.001 -21"><span class='ocrx_word' id='word_1_193' title='bbox 342 2719 372 2780; x_wconf 87' lang='lat'>3.</span> <span class='ocrx_word' id='word_1_194' title='bbox 398 2711 462 2800; x_wconf 81' lang='lat'>20.]</span> <span class='ocrx_word' id='word_1_195' title='bbox 502 2718 591 2779; x_wconf 90' lang='lat' dir='ltr'>Ante</span> <span class='ocrx_word' id='word_1_196' title='bbox 626 2728 761 2780; x_wconf 89' lang='lat' dir='ltr'>noctem</span> <span class='ocrx_word' id='word_1_197' title='bbox 785 2719 951 2798; x_wconf 91' lang='lat' dir='ltr'>siquidem</span> <span class='ocrx_word' id='word_1_198' title='bbox 987 2717 1088 2779; x_wconf 85' lang='lat' dir='ltr'>frater</span> <span class='ocrx_word' id='word_1_199' title='bbox 1118 2721 1225 2781; x_wconf 89' lang='lat' dir='ltr'>sancti</span> <span class='ocrx_word' id='word_1_200' title='bbox 1258 2714 1439 2794; x_wconf 79' lang='lat' dir='ltr'>martyris,k</span> <span class='ocrx_word' id='word_1_201' title='bbox 1462 2738 1527 2778; x_wconf 91' lang='lat' dir='ltr'>non</span> <span class='ocrx_word' id='word_1_202' title='bbox 1561 2720 1628 2779; x_wconf 91' lang='lat' dir='ltr'>iarn</span> 
     </span>
     <span class='ocr_line' id='line_1_24' title="bbox 341 2800 1628 2886; baseline 0.001 -19"><span class='ocrx_word' id='word_1_203' title='bbox 341 2805 450 2881; x_wconf 85' lang='lat' dir='ltr'>frater,</span> <span class='ocrx_word' id='word_1_204' title='bbox 485 2806 544 2868; x_wconf 86' lang='lat' dir='ltr'>sed</span> <span class='ocrx_word' id='word_1_205' title='bbox 580 2826 754 2884; x_wconf 88' lang='lat' dir='ltr'>perversus</span> <span class='ocrx_word' id='word_1_206' title='bbox 789 2807 965 2886; x_wconf 87' lang='lat' dir='ltr'>parricida,</span> <span class='ocrx_word' id='word_1_207' title='bbox 1004 2808 1197 2886; x_wconf 89' lang='lat' dir='ltr'>presbiteris</span> <span class='ocrx_word' id='word_1_208' title='bbox 1232 2808 1390 2869; x_wconf 90' lang='lat' dir='ltr'>ecclessie</span> <span class='ocrx_word' id='word_1_209' title='bbox 1426 2800 1628 2868; x_wconf 88' lang='lat' dir='ltr'>sanctorum¹</span> 
     </span>
     <span class='ocr_line' id='line_1_25' title="bbox 340 2892 1628 2977; baseline -0.002 -20"><span class='ocrx_word' id='word_1_210' title='bbox 340 2892 461 2957; x_wconf 88' lang='lat' dir='ltr'>Cosme</span> <span class='ocrx_word' id='word_1_211' title='bbox 493 2906 525 2955; x_wconf 92' lang='lat' dir='ltr'>et</span> <span class='ocrx_word' id='word_1_212' title='bbox 562 2895 716 2958; x_wconf 91' lang='lat' dir='ltr'>Damiani</span> <span class='ocrx_word' id='word_1_213' title='bbox 740 2897 963 2971; x_wconf 87' lang='lat' dir='ltr'>iniunxerat,¹¹¹</span> <span class='ocrx_word' id='word_1_214' title='bbox 990 2905 1026 2957; x_wconf 91' lang='lat' dir='ltr'>ut</span> <span class='ocrx_word' id='word_1_215' title='bbox 1049 2899 1195 2958; x_wconf 91' lang='lat' dir='ltr'>venienti</span> <span class='ocrx_word' id='word_1_216' title='bbox 1218 2895 1353 2977; x_wconf 89' lang='lat' dir='ltr'>quidem</span> <span class='ocrx_word' id='word_1_217' title='bbox 1379 2896 1556 2957; x_wconf 90' lang='lat' dir='ltr'>ecclesiam</span> <span class='ocrx_word' id='word_1_218' title='bbox 1581 2899 1628 2957; x_wconf 93' lang='lat' dir='ltr'>in·</span> 
     </span>
     <span class='ocr_line' id='line_1_26' title="bbox 340 2983 1627 3066; baseline -0.001 -21"><span class='ocrx_word' id='word_1_219' title='bbox 340 2985 433 3066; x_wconf 89' lang='lat' dir='ltr'>gredi</span> <span class='ocrx_word' id='word_1_220' title='bbox 458 2988 594 3047; x_wconf 90' lang='lat' dir='ltr'>omnino</span> <span class='ocrx_word' id='word_1_221' title='bbox 615 2995 783 3066; x_wconf 88' lang='lat' dir='ltr'>negarent,</span> <span class='ocrx_word' id='word_1_222' title='bbox 807 3005 849 3046; x_wconf 90' lang='lat' dir='ltr'>ne</span> <span class='ocrx_word' id='word_1_223' title='bbox 865 2983 949 3047; x_wconf 89' lang='lat' dir='ltr'>forte</span> <span class='ocrx_word' id='word_1_224' title='bbox 968 2985 1127 3048; x_wconf 85' lang='lat' dir='ltr'>militibus</span> <span class='ocrx_word' id='word_1_225' title='bbox 1145 2988 1216 3046; x_wconf 91' lang='lat' dir='ltr'>eius</span> <span class='ocrx_word' id='word_1_226' title='bbox 1232 2985 1387 3047; x_wconf 87' lang='lat' dir='ltr'>fidelibus</span> <span class='ocrx_word' id='word_1_227' title='bbox 1405 3004 1464 3046; x_wconf 88' lang='lat' dir='ltr'>seu</span> <span class='ocrx_word' id='word_1_228' title='bbox 1482 3004 1627 3046; x_wconf 90' lang='lat' dir='ltr'>camera·</span> 
     </span>
     <span class='ocr_line' id='line_1_27' title="bbox 341 3073 1628 3154; baseline 0.002 -20"><span class='ocrx_word' id='word_1_229' title='bbox 341 3078 398 3136; x_wconf 90' lang='lat' dir='ltr'>riis</span> <span class='ocrx_word' id='word_1_230' title='bbox 422 3077 501 3149; x_wconf 87' lang='lat' dir='ltr'>eius,</span> <span class='ocrx_word' id='word_1_231' title='bbox 526 3077 584 3154; x_wconf 91' lang='lat' dir='ltr'>qui</span> <span class='ocrx_word' id='word_1_232' title='bbox 608 3073 718 3136; x_wconf 90' lang='lat' dir='ltr'>adhuc</span> <span class='ocrx_word' id='word_1_233' title='bbox 754 3075 841 3136; x_wconf 92' lang='lat' dir='ltr'>lecto</span> <span class='ocrx_word' id='word_1_234' title='bbox 876 3074 1121 3150; x_wconf 88' lang='lat' dir='ltr'>detinebantur,</span> <span class='ocrx_word' id='word_1_235' title='bbox 1153 3075 1203 3135; x_wconf 92' lang='lat' dir='ltr'>vel</span> <span class='ocrx_word' id='word_1_236' title='bbox 1229 3074 1361 3153; x_wconf 90' lang='lat' dir='ltr'>populis</span> <span class='ocrx_word' id='word_1_237' title='bbox 1393 3077 1628 3152; x_wconf 90' lang='lat' dir='ltr'>supervenien-</span> 
     </span>
     <span class='ocr_line' id='line_1_28' title="bbox 340 3162 1629 3244; baseline 0.001 -21"><span class='ocrx_word' id='word_1_238' title='bbox 340 3164 431 3225; x_wconf 88' lang='lat' dir='ltr'>tibus</span> <span class='ocrx_word' id='word_1_239' title='bbox 455 3163 651 3225; x_wconf 89' lang='lat' dir='ltr'>liberaretur</span> <span class='ocrx_word' id='word_1_240' title='bbox 674 3173 708 3226; x_wconf 92' lang='lat' dir='ltr'>et</span> <span class='ocrx_word' id='word_1_241' title='bbox 731 3183 773 3225; x_wconf 90' lang='lat' dir='ltr'>ne</span> <span class='ocrx_word' id='word_1_242' title='bbox 789 3166 959 3244; x_wconf 87' lang='lat' dir='ltr'>sanguinis</span> <span class='ocrx_word' id='word_1_243' title='bbox 976 3162 1139 3225; x_wconf 84' lang='lat' dir='ltr'>effusione</span> <span class='ocrx_word' id='word_1_244' title='bbox 1164 3172 1198 3224; x_wconf 90' lang='lat' dir='ltr'>et</span> <span class='ocrx_word' id='word_1_245' title='bbox 1214 3162 1348 3225; x_wconf 87' lang='lat' dir='ltr'>sceleris</span> <span class='ocrx_word' id='word_1_246' title='bbox 1373 3171 1492 3243; x_wconf 81' lang='lat' dir='ltr'>opere¹¹</span> <span class='ocrx_word' id='word_1_247' title='bbox 1523 3162 1629 3224; x_wconf 89' lang='lat' dir='ltr'>eccle-</span> 
     </span>
     <span class='ocr_line' id='line_1_29' title="bbox 342 3251 1628 3334; baseline -0.002 -20"><span class='ocrx_word' id='word_1_248' title='bbox 342 3256 425 3314; x_wconf 91' lang='lat' dir='ltr'>siam</span> <span class='ocrx_word' id='word_1_249' title='bbox 460 3251 589 3313; x_wconf 90' lang='lat' dir='ltr'>fedare⁰</span> <span class='ocrx_word' id='word_1_250' title='bbox 612 3260 645 3313; x_wconf 88' lang='lat' dir='ltr'>et</span> <span class='ocrx_word' id='word_1_251' title='bbox 679 3251 856 3334; x_wconf 89' lang='lat' dir='ltr'>infringere</span> <span class='ocrx_word' id='word_1_252' title='bbox 892 3252 1070 3315; x_wconf 90' lang='lat' dir='ltr'>videretur.</span> <span class='ocrx_word' id='word_1_253' title='bbox 1111 3252 1200 3314; x_wconf 91' lang='lat' dir='ltr'>Dum</span> <span class='ocrx_word' id='word_1_254' title='bbox 1235 3255 1298 3314; x_wconf 90' lang='lat' dir='ltr'>ista</span> <span class='ocrx_word' id='word_1_255' title='bbox 1323 3253 1444 3323; x_wconf 87' lang='lat' dir='ltr'>scrib0,</span> <span class='ocrx_word' id='word_1_256' title='bbox 1481 3271 1560 3313; x_wconf 91' lang='lat' dir='ltr'>ecce</span> <span class='ocrx_word' id='word_1_257' title='bbox 1585 3251 1628 3312; x_wconf 89' lang='lat' dir='ltr'>ad</span> 
     </span>
     <span class='ocr_line' id='line_1_30' title="bbox 341 3340 1629 3423; baseline 0 -21"><span class='ocrx_word' id='word_1_258' title='bbox 341 3350 486 3403; x_wconf 88' lang='lat' dir='ltr'>mentem</span> <span class='ocrx_word' id='word_1_259' title='bbox 511 3344 601 3402; x_wconf 91' lang='lat' dir='ltr'>venit</span> <span class='ocrx_word' id='word_1_260' title='bbox 639 3341 818 3404; x_wconf 88' lang='lat' dir='ltr'>iudeorum</span> <span class='ocrx_word' id='word_1_261' title='bbox 843 3345 956 3423; x_wconf 91' lang='lat' dir='ltr'>iniqua</span> <span class='ocrx_word' id='word_1_262' title='bbox 980 3345 1183 3423; x_wconf 88' lang='lat' dir='ltr'>congressio,</span> <span class='ocrx_word' id='word_1_263' title='bbox 1219 3345 1275 3421; x_wconf 91' lang='lat' dir='ltr'>qui</span> <span class='ocrx_word' id='word_1_264' title='bbox 1300 3340 1436 3422; x_wconf 89' lang='lat' dir='ltr'>quidem</span> <span class='ocrx_word' id='word_1_265' title='bbox 1463 3344 1629 3423; x_wconf 78' lang='lat' dir='ltr'>ingressup</span> 
     </span>
     <span class='ocr_line' id='line_1_31' title="bbox 341 3429 1628 3510; baseline 0 -20"><span class='ocrx_word' id='word_1_266' title='bbox 341 3433 479 3510; x_wconf 90' lang='lat' dir='ltr'>pretorii</span> <span class='ocrx_word' id='word_1_267' title='bbox 505 3429 609 3506; x_wconf 87' lang='lat' dir='ltr'>Pylati</span> <span class='ocrx_word' id='word_1_268' title='bbox 633 3434 862 3504; x_wconf 86' lang='lat' dir='ltr'>contaminari,</span> <span class='ocrx_word' id='word_1_269' title='bbox 887 3431 963 3492; x_wconf 84' lang='lat' dir='ltr'>sedq</span> <span class='ocrx_word' id='word_1_270' title='bbox 985 3440 1127 3493; x_wconf 88' lang='lat' dir='ltr'>mortem</span> <span class='ocrx_word' id='word_1_271' title='bbox 1152 3430 1279 3493; x_wconf 90' lang='lat' dir='ltr'>domini</span> <span class='ocrx_word' id='word_1_272' title='bbox 1304 3437 1384 3490; x_wconf 86' lang='lat' dir='ltr'>nonr</span> <span class='ocrx_word' id='word_1_273' title='bbox 1414 3434 1628 3507; x_wconf 88' lang='lat' dir='ltr'>pertimesce·</span> 
     </span>
     <span class='ocr_line' id='line_1_32' title="bbox 343 3518 1628 3601; baseline -0.002 -21"><span class='ocrx_word' id='word_1_274' title='bbox 343 3520 432 3580; x_wconf 90' lang='lat' dir='ltr'>bant.</span> <span class='ocrx_word' id='word_1_275' title='bbox 458 3518 513 3581; x_wconf 90' lang='lat' dir='ltr'>Sic</span> <span class='ocrx_word' id='word_1_276' title='bbox 539 3527 573 3579; x_wconf 88' lang='lat' dir='ltr'>et</span> <span class='ocrx_word' id='word_1_277' title='bbox 597 3522 658 3581; x_wconf 90' lang='lat' dir='ltr'>iste</span> <span class='ocrx_word' id='word_1_278' title='bbox 683 3523 810 3599; x_wconf 89' lang='lat' dir='ltr'>proprii</span> <span class='ocrx_word' id='word_1_279' title='bbox 834 3523 984 3601; x_wconf 86' lang='lat' dir='ltr'>germani</span> <span class='ocrx_word' id='word_1_280' title='bbox 1008 3519 1124 3582; x_wconf 89' lang='lat' dir='ltr'>infelix</span> <span class='ocrx_word' id='word_1_281' title='bbox 1150 3518 1300 3581; x_wconf 83' lang='lat' dir='ltr'>carnifex</span> <span class='ocrx_word' id='word_1_282' title='bbox 1324 3522 1469 3598; x_wconf 90' lang='lat' dir='ltr'>parietes</span> <span class='ocrx_word' id='word_1_283' title='bbox 1487 3520 1628 3581; x_wconf 87' lang='lat' dir='ltr'>ecclesie</span> 
     </span>
     <span class='ocr_line' id='line_1_33' title="bbox 342 3607 1626 3690; baseline -0.002 -19"><span class='ocrx_word' id='word_1_284' title='bbox 342 3612 503 3690; x_wconf 89' lang='lat' dir='ltr'>sanguine</span> <span class='ocrx_word' id='word_1_285' title='bbox 528 3607 676 3686; x_wconf 91' lang='lat' dir='ltr'>polluere</span> <span class='ocrx_word' id='word_1_286' title='bbox 700 3612 805 3684; x_wconf 91' lang='lat' dir='ltr'>timet,</span> <span class='ocrx_word' id='word_1_287' title='bbox 828 3613 885 3690; x_wconf 90' lang='lat' dir='ltr'>qui</span> <span class='ocrx_word' id='word_1_288' title='bbox 909 3628 1027 3671; x_wconf 89' lang='lat' dir='ltr'>manus</span> <span class='ocrx_word' id='word_1_289' title='bbox 1051 3630 1070 3669; x_wconf 90' lang='lat' dir='ltr'>a</span> <span class='ocrx_word' id='word_1_290' title='bbox 1094 3607 1239 3670; x_wconf 89' lang='lat' dir='ltr'>fraterna</span> <span class='ocrx_word' id='word_1_291' title='bbox 1263 3609 1347 3671; x_wconf 91' lang='lat' dir='ltr'>cede</span> <span class='ocrx_word' id='word_1_292' title='bbox 1379 3628 1446 3670; x_wconf 90' lang='lat' dir='ltr'>non</span> <span class='ocrx_word' id='word_1_293' title='bbox 1472 3611 1626 3670; x_wconf 90' lang='lat' dir='ltr'>abstinet.</span> 
     </span>
     <span class='ocr_line' id='line_1_34' title="bbox 343 3696 1626 3774; baseline -0.001 -15"><span class='ocrx_word' id='word_1_294' title='bbox 343 3696 441 3774; x_wconf 81' lang='lat' dir='ltr'>Tu0,⁸</span> <span class='ocrx_word' id='word_1_295' title='bbox 466 3700 615 3759; x_wconf 91' lang='lat' dir='ltr'>omnium</span> <span class='ocrx_word' id='word_1_296' title='bbox 648 3699 793 3760; x_wconf 90' lang='lat' dir='ltr'>hostium</span> <span class='ocrx_word' id='word_1_297' title='bbox 826 3701 1042 3774; x_wconf 86' lang='lat' dir='ltr'>severissime,</span> <span class='ocrx_word' id='word_1_298' title='bbox 1073 3699 1177 3759; x_wconf 90' lang='lat' dir='ltr'>verbo</span> <span class='ocrx_word' id='word_1_299' title='bbox 1209 3697 1466 3774; x_wconf 80' lang='lat' dir='ltr'>condempnatis</span> <span class='ocrx_word' id='word_1_300' title='bbox 1491 3706 1524 3758; x_wconf 91' lang='lat' dir='ltr'>et</span> <span class='ocrx_word' id='word_1_301' title='bbox 1548 3717 1626 3758; x_wconf 93' lang='lat' dir='ltr'>con·</span> 
     </span>
     <span class='ocr_line' id='line_1_35' title="bbox 343 3785 1628 3868; baseline -0.002 -21"><span class='ocrx_word' id='word_1_302' title='bbox 343 3785 476 3859; x_wconf 91' lang='lat' dir='ltr'>foderis,</span> <span class='ocrx_word' id='word_1_303' title='bbox 505 3789 562 3865; x_wconf 92' lang='lat' dir='ltr'>qui</span> <span class='ocrx_word' id='word_1_304' title='bbox 586 3806 636 3863; x_wconf 90' lang='lat' dir='ltr'>eo,</span> <span class='ocrx_word' id='word_1_305' title='bbox 660 3806 759 3868; x_wconf 89' lang='lat' dir='ltr'>quem</span> <span class='ocrx_word' id='word_1_306' title='bbox 784 3787 904 3864; x_wconf 71' lang='lat' dir='ltr'>fundis</span> <span class='ocrx_word' id='word_1_307' title='bbox 928 3806 1057 3859; x_wconf 89' lang='lat' dir='ltr'>cruore,</span> <span class='ocrx_word' id='word_1_308' title='bbox 1090 3788 1163 3849; x_wconf 90' lang='lat' dir='ltr'>loca</span> <span class='ocrx_word' id='word_1_309' title='bbox 1197 3795 1311 3848; x_wconf 90' lang='lat' dir='ltr'>sancta</span> <span class='ocrx_word' id='word_1_310' title='bbox 1336 3786 1424 3849; x_wconf 89' lang='lat' dir='ltr'>infici</span> <span class='ocrx_word' id='word_1_311' title='bbox 1453 3785 1628 3864; x_wconf 91' lang='lat' dir='ltr'>perhorre-</span> 
     </span>
     <span class='ocr_line' id='line_1_36' title="bbox 344 3872 1628 3955; baseline -0.001 -18"><span class='ocrx_word' id='word_1_312' title='bbox 344 3878 430 3937; x_wconf 82' lang='lat' dir='ltr'>scis.t</span> <span class='ocrx_word' id='word_1_313' title='bbox 457 3873 524 3937; x_wconf 87' lang='lat' dir='ltr'>Sed</span> <span class='ocrx_word' id='word_1_314' title='bbox 543 3872 742 3946; x_wconf 88' lang='lat' dir='ltr'>factumest,</span> <span class='ocrx_word' id='word_1_315' title='bbox 767 3885 803 3937; x_wconf 91' lang='lat' dir='ltr'>ut</span> <span class='ocrx_word' id='word_1_316' title='bbox 827 3880 978 3938; x_wconf 87' lang='lat' dir='ltr'>iusseras.</span> <span class='ocrx_word' id='word_1_317' title='bbox 1006 3875 1092 3938; x_wconf 89' lang='lat' dir='ltr'>Nam</span> <span class='ocrx_word' id='word_1_318' title='bbox 1109 3880 1264 3955; x_wconf 86' lang='lat' dir='ltr'>precioso</span> <span class='ocrx_word' id='word_1_319' title='bbox 1289 3884 1434 3953; x_wconf 90' lang='lat' dir='ltr'>martyre</span> <span class='ocrx_word' id='word_1_320' title='bbox 1459 3883 1534 3935; x_wconf 92' lang='lat' dir='ltr'>ante</span> <span class='ocrx_word' id='word_1_321' title='bbox 1559 3894 1628 3936; x_wconf 89' lang='lat' dir='ltr'>ma-</span> 
     </span>
     <span class='ocr_line' id='line_1_37' title="bbox 342 3962 1627 4046; baseline 0 -20"><span class='ocrx_word' id='word_1_322' title='bbox 342 3968 524 4027; x_wconf 89' lang='lat' dir='ltr'>tutinarum</span> <span class='ocrx_word' id='word_1_323' title='bbox 555 3962 688 4027; x_wconf 91' lang='lat' dir='ltr'>laudem</span> <span class='ocrx_word' id='word_1_324' title='bbox 720 3967 897 4027; x_wconf 88' lang='lat' dir='ltr'>ecclesiam</span> <span class='ocrx_word' id='word_1_325' title='bbox 930 3974 1131 4044; x_wconf 88' lang='lat' dir='ltr'>properante</span> <span class='ocrx_word' id='word_1_326' title='bbox 1168 3969 1383 4046; x_wconf 89' lang='lat' dir='ltr'>cupientique</span> <span class='ocrx_word' id='word_1_327' title='bbox 1420 3972 1495 4025; x_wconf 88' lang='lat' dir='ltr'>ante</span> <span class='ocrx_word' id='word_1_328' title='bbox 1521 3984 1627 4043; x_wconf 88' lang='lat' dir='ltr'>popu-</span> 
     </span>
     <span class='ocr_line' id='line_1_38' title="bbox 343 4048 1627 4137; baseline 0.002 -23"><span class='ocrx_word' id='word_1_329' title='bbox 343 4054 444 4115; x_wconf 88' lang='lat' dir='ltr'>larem</span> <span class='ocrx_word' id='word_1_330' title='bbox 471 4062 537 4114; x_wconf 81' lang='lat' dir='ltr'>stre</span> <span class='ocrx_word' id='word_1_331' title='bbox 563 4048 595 4136; x_wconf 87' lang='lat' dir='ltr'>[f.</span> <span class='ocrx_word' id='word_1_332' title='bbox 612 4048 681 4137; x_wconf 68' lang='lat' dir='ltr'>32l]</span> <span class='ocrx_word' id='word_1_333' title='bbox 704 4058 810 4132; x_wconf 91' lang='lat' dir='ltr'>pitum</span> <span class='ocrx_word' id='word_1_334' title='bbox 835 4055 933 4116; x_wconf 91' lang='lat' dir='ltr'>deum</span> <span class='ocrx_word' id='word_1_335' title='bbox 959 4062 1088 4132; x_wconf 88' lang='lat' dir='ltr'>patrem</span> <span class='ocrx_word' id='word_1_336' title='bbox 1113 4058 1146 4117; x_wconf 92' lang='lat' dir='ltr'>in</span> <span class='ocrx_word' id='word_1_337' title='bbox 1171 4056 1325 4117; x_wconf 91' lang='lat' dir='ltr'>cubiculo</span> <span class='ocrx_word' id='word_1_338' title='bbox 1352 4057 1402 4116; x_wconf 90' lang='lat' dir='ltr'>sui</span> <span class='ocrx_word' id='word_1_339' title='bbox 1426 4057 1627 4116; x_wconf 89' lang='lat' dir='ltr'>sanctissimi</span> 
     </span>
     <span class='ocr_line' id='line_1_39' title="bbox 345 4143 1627 4222; baseline 0 -18"><span class='ocrx_word' id='word_1_340' title='bbox 345 4143 455 4205; x_wconf 91' lang='lat' dir='ltr'>cordis</span> <span class='ocrx_word' id='word_1_341' title='bbox 491 4146 713 4205; x_wconf 90' lang='lat' dir='ltr'>secretissime</span> <span class='ocrx_word' id='word_1_342' title='bbox 737 4164 890 4219; x_wconf 91' lang='lat' dir='ltr'>exorare,</span> <span class='ocrx_word' id='word_1_343' title='bbox 922 4144 1051 4206; x_wconf 89' lang='lat' dir='ltr'>interim</span> <span class='ocrx_word' id='word_1_344' title='bbox 1084 4143 1231 4207; x_wconf 85' lang='lat' dir='ltr'>fraterne</span> <span class='ocrx_word' id='word_1_345' title='bbox 1263 4144 1383 4205; x_wconf 88' lang='lat' dir='ltr'>insidie</span> <span class='ocrx_word' id='word_1_346' title='bbox 1407 4151 1627 4222; x_wconf 88' lang='lat' dir='ltr'>preparantur</span> 
     </span>
    </p>
   </div>
   <div class='ocr_carea' id='block_1_3' title="bbox 343 4284 529 4291">
    <p class='ocr_par' dir='ltr' id='par_1_5' title="bbox 343 4284 529 4291">
     <span class='ocr_line' id='line_1_40' title="bbox 343 4284 529 4291; baseline 0 -1"><span class='ocrx_word' id='word_1_347' title='bbox 343 4284 529 4291; x_wconf 74' lang='lat'>————</span> 
     </span>
    </p>
   </div>
   <div class='ocr_carea' id='block_1_4' title="bbox 343 4350 1628 4850">
    <p class='ocr_par' dir='ltr' id='par_1_6' title="bbox 343 4350 1628 4850">
     <span class='ocr_line' id='line_1_41' title="bbox 434 4350 1627 4422; baseline -0.001 -16"><span class='ocrx_word' id='word_1_348' title='bbox 434 4351 461 4422; x_wconf 85' lang='lat' dir='ltr'>a)</span> <span class='ocrx_word' id='word_1_349' title='bbox 481 4352 533 4406; x_wconf 90' lang='lat' dir='ltr'>Un.</span> <span class='ocrx_word' id='word_1_350' title='bbox 554 4351 652 4420; x_wconf 89' lang='lat' dir='ltr'>operii.</span> <span class='ocrx_word' id='word_1_351' title='bbox 671 4351 700 4418; x_wconf 82' lang='lat' dir='ltr'>b)</span> <span class='ocrx_word' id='word_1_352' title='bbox 720 4351 773 4403; x_wconf 91' lang='lat' dir='ltr'>Un.</span> <span class='ocrx_word' id='word_1_353' title='bbox 790 4352 952 4419; x_wconf 87' lang='lat' dir='ltr'>quicquam.</span> <span class='ocrx_word' id='word_1_354' title='bbox 974 4350 1000 4421; x_wconf 90' lang='lat' dir='ltr'>c)</span> <span class='ocrx_word' id='word_1_355' title='bbox 1021 4352 1092 4417; x_wconf 86' lang='lat' dir='ltr'>Kap.</span> <span class='ocrx_word' id='word_1_356' title='bbox 1112 4354 1288 4405; x_wconf 91' lang='lat' dir='ltr'>tenuissime.</span> <span class='ocrx_word' id='word_1_357' title='bbox 1307 4351 1361 4405; x_wconf 89' lang='lat' dir='ltr'>Un.</span> <span class='ocrx_word' id='word_1_358' title='bbox 1381 4354 1516 4405; x_wconf 88' lang='lat' dir='ltr'>tenuisse.</span> <span class='ocrx_word' id='word_1_359' title='bbox 1536 4351 1627 4419; x_wconf 91' lang='lat' dir='ltr'>Opra·</span> 
     </span>
     <span class='ocr_line' id='line_1_42' title="bbox 343 4421 1628 4492; baseline -0.002 -15"><span class='ocrx_word' id='word_1_360' title='bbox 343 4425 403 4492; x_wconf 82' lang='lat' dir='ltr'>vuji</span> <span class='ocrx_word' id='word_1_361' title='bbox 423 4424 510 4490; x_wconf 86' lang='lat' dir='ltr'>podle</span> <span class='ocrx_word' id='word_1_362' title='bbox 530 4423 559 4477; x_wconf 91' lang='lat' dir='ltr'>P.</span> <span class='ocrx_word' id='word_1_363' title='bbox 580 4424 734 4480; x_wconf 82' lang='lat' dir='ltr'>Athanase‚</span> <span class='ocrx_word' id='word_1_364' title='bbox 756 4427 789 4476; x_wconf 87' lang='grc'>79</span> <span class='ocrx_word' id='word_1_365' title='bbox 806 4440 823 4473; x_wconf 85' lang='grc' dir='ltr'><strong><em>ν</em></strong></span> <span class='ocrx_word' id='word_1_366' title='bbox 836 4424 1027 4477; x_wconf 85' lang='lat' dir='ltr'>tenacissime.</span> <span class='ocrx_word' id='word_1_367' title='bbox 1047 4424 1066 4475; x_wconf 93' lang='lat' dir='ltr'>d</span> <span class='ocrx_word' id='word_1_368' title='bbox 1097 4423 1150 4477; x_wconf 92' lang='lat' dir='ltr'>Un.</span> <span class='ocrx_word' id='word_1_369' title='bbox 1164 4424 1274 4491; x_wconf 89' lang='lat' dir='ltr'>plenus.</span> <span class='ocrx_word' id='word_1_370' title='bbox 1296 4424 1368 4490; x_wconf 88' lang='lat' dir='ltr'>Kap.</span> <span class='ocrx_word' id='word_1_371' title='bbox 1387 4424 1507 4492; x_wconf 82' lang='lat' dir='ltr'>plenius</span> <span class='ocrx_word' id='word_1_372' title='bbox 1527 4421 1554 4492; x_wconf 85' lang='lat' dir='ltr'>e)</span> <span class='ocrx_word' id='word_1_373' title='bbox 1574 4423 1628 4475; x_wconf 93' lang='lat' dir='ltr'>Un.</span> 
     </span>
     <span class='ocr_line' id='line_1_43' title="bbox 344 4493 1627 4564; baseline -0.001 -15"><span class='ocrx_word' id='word_1_374' title='bbox 344 4497 429 4549; x_wconf 76' lang='lat' dir='ltr'>nenia</span> <span class='ocrx_word' id='word_1_375' title='bbox 448 4513 464 4548; x_wconf 93' lang='lat' dir='ltr'>a</span> <span class='ocrx_word' id='word_1_376' title='bbox 483 4496 547 4548; x_wconf 91' lang='lat' dir='ltr'>deo.</span> <span class='ocrx_word' id='word_1_377' title='bbox 583 4493 677 4564; x_wconf 86' lang='lat' dir='ltr'>f)Un.</span> <span class='ocrx_word' id='word_1_378' title='bbox 698 4494 782 4560; x_wconf 82' lang='lat' dir='ltr'>Cain3</span> <span class='ocrx_word' id='word_1_379' title='bbox 812 4494 864 4548; x_wconf 91' lang='lat' dir='ltr'>Un.</span> <span class='ocrx_word' id='word_1_380' title='bbox 884 4497 910 4548; x_wconf 91' lang='lat' dir='ltr'>b.</span> <span class='ocrx_word' id='word_1_381' title='bbox 932 4494 1017 4564; x_wconf 87' lang='lat' dir='ltr'>Cayn.</span> <span class='ocrx_word' id='word_1_382' title='bbox 1050 4511 1067 4564; x_wconf 91' lang='lat' dir='ltr'>g</span> <span class='ocrx_word' id='word_1_383' title='bbox 1097 4495 1149 4547; x_wconf 92' lang='lat' dir='ltr'>Un.</span> <span class='ocrx_word' id='word_1_384' title='bbox 1175 4495 1332 4562; x_wconf 87' lang='lat' dir='ltr'>postulans.</span> <span class='ocrx_word' id='word_1_385' title='bbox 1365 4494 1394 4563; x_wconf 91' lang='lat' dir='ltr'>h)</span> <span class='ocrx_word' id='word_1_386' title='bbox 1420 4494 1491 4561; x_wconf 89' lang='lat' dir='ltr'>Kap.</span> <span class='ocrx_word' id='word_1_387' title='bbox 1518 4495 1627 4548; x_wconf 89' lang='lat' dir='ltr'>vider0.</span> 
     </span>
     <span class='ocr_line' id='line_1_44' title="bbox 345 4565 1627 4635; baseline 0.001 -16"><span class='ocrx_word' id='word_1_388' title='bbox 345 4567 364 4634; x_wconf 92' lang='lat' dir='ltr'>i)</span> <span class='ocrx_word' id='word_1_389' title='bbox 383 4568 453 4634; x_wconf 91' lang='lat' dir='ltr'>Kap.</span> <span class='ocrx_word' id='word_1_390' title='bbox 475 4566 617 4635; x_wconf 91' lang='lat' dir='ltr'>quitquid.</span> <span class='ocrx_word' id='word_1_391' title='bbox 639 4568 668 4631; x_wconf 88' lang='lat' dir='ltr'>k)</span> <span class='ocrx_word' id='word_1_392' title='bbox 688 4566 742 4619; x_wconf 90' lang='lat' dir='ltr'>Un.</span> <span class='ocrx_word' id='word_1_393' title='bbox 763 4567 893 4620; x_wconf 86' lang='lat' dir='ltr'>martiris.</span> <span class='ocrx_word' id='word_1_394' title='bbox 913 4567 931 4632; x_wconf 91' lang='lat' dir='ltr'>l)</span> <span class='ocrx_word' id='word_1_395' title='bbox 946 4566 999 4619; x_wconf 90' lang='lat' dir='ltr'>Un.</span> <span class='ocrx_word' id='word_1_396' title='bbox 1020 4569 1112 4620; x_wconf 75' lang='lat' dir='ltr'>uerna.</span> <span class='ocrx_word' id='word_1_397' title='bbox 1133 4568 1171 4630; x_wconf 77' lang='lat' dir='ltr'>ml</span> <span class='ocrx_word' id='word_1_398' title='bbox 1191 4565 1234 4619; x_wconf 90' lang='lat' dir='ltr'>To</span> <span class='ocrx_word' id='word_1_399' title='bbox 1251 4567 1279 4634; x_wconf 86' lang='lat' dir='ltr'>je</span> <span class='ocrx_word' id='word_1_400' title='bbox 1299 4568 1473 4635; x_wconf 86' lang='lat' dir='ltr'>konjektura</span> <span class='ocrx_word' id='word_1_401' title='bbox 1493 4565 1520 4617; x_wconf 91' lang='lat' dir='ltr'>P.</span> <span class='ocrx_word' id='word_1_402' title='bbox 1541 4567 1627 4620; x_wconf 87' lang='lat' dir='ltr'>Atha·</span> 
     </span>
     <span class='ocr_line' id='line_1_45' title="bbox 345 4636 1627 4707; baseline 0 -17"><span class='ocrx_word' id='word_1_403' title='bbox 345 4654 422 4691; x_wconf 86' lang='lat' dir='ltr'>nase.</span> <span class='ocrx_word' id='word_1_404' title='bbox 443 4638 554 4706; x_wconf 87' lang='lat' dir='ltr'>Rkpisy</span> <span class='ocrx_word' id='word_1_405' title='bbox 574 4636 653 4707; x_wconf 88' lang='lat' dir='ltr'>maji:</span> <span class='ocrx_word' id='word_1_406' title='bbox 673 4638 899 4706; x_wconf 81' lang='lat' dir='ltr'>presbyteros..</span> <span class='ocrx_word' id='word_1_407' title='bbox 915 4680 920 4689; x_wconf 91' lang='lat'>.</span> <span class='ocrx_word' id='word_1_408' title='bbox 935 4638 1094 4691; x_wconf 91' lang='lat' dir='ltr'>invexerat.</span> <span class='ocrx_word' id='word_1_409' title='bbox 1115 4639 1143 4703; x_wconf 90' lang='lat' dir='ltr'>n)</span> <span class='ocrx_word' id='word_1_410' title='bbox 1159 4637 1268 4706; x_wconf 88' lang='lat' dir='ltr'>Rkpisy</span> <span class='ocrx_word' id='word_1_411' title='bbox 1281 4638 1352 4691; x_wconf 86' lang='lat' dir='ltr'>oba:</span> <span class='ocrx_word' id='word_1_412' title='bbox 1373 4653 1455 4704; x_wconf 92' lang='lat' dir='ltr'>opus.</span> <span class='ocrx_word' id='word_1_413' title='bbox 1478 4639 1506 4695; x_wconf 77' lang='lat' dir='ltr'>oi</span> <span class='ocrx_word' id='word_1_414' title='bbox 1520 4636 1574 4690; x_wconf 91' lang='lat' dir='ltr'>Un.</span> <span class='ocrx_word' id='word_1_415' title='bbox 1588 4639 1627 4690; x_wconf 91' lang='lat' dir='ltr'>in·</span> 
     </span>
     <span class='ocr_line' id='line_1_46' title="bbox 345 4708 1625 4778; baseline -0.002 -15"><span class='ocrx_word' id='word_1_416' title='bbox 345 4710 450 4764; x_wconf 89' lang='lat' dir='ltr'>fedare.</span> <span class='ocrx_word' id='word_1_417' title='bbox 478 4710 506 4778; x_wconf 90' lang='lat' dir='ltr'>p)</span> <span class='ocrx_word' id='word_1_418' title='bbox 526 4709 580 4763; x_wconf 93' lang='lat' dir='ltr'>Un.</span> <span class='ocrx_word' id='word_1_419' title='bbox 599 4710 627 4762; x_wconf 91' lang='lat' dir='ltr'>in</span> <span class='ocrx_word' id='word_1_420' title='bbox 649 4711 788 4778; x_wconf 88' lang='lat' dir='ltr'>ingressu.</span> <span class='ocrx_word' id='word_1_421' title='bbox 808 4712 838 4777; x_wconf 90' lang='lat' dir='ltr'>q)</span> <span class='ocrx_word' id='word_1_422' title='bbox 858 4709 884 4761; x_wconf 97' lang='lat' dir='ltr'>V</span> <span class='ocrx_word' id='word_1_423' title='bbox 903 4708 955 4762; x_wconf 91' lang='lat' dir='ltr'>Un.</span> <span class='ocrx_word' id='word_1_424' title='bbox 976 4710 995 4761; x_wconf 93' lang='lat' dir='ltr'>d</span> <span class='ocrx_word' id='word_1_425' title='bbox 1015 4726 1033 4761; x_wconf 95' lang='lat' dir='ltr'>v</span> <span class='ocrx_word' id='word_1_426' title='bbox 1052 4709 1132 4762; x_wconf 72' lang='lat' dir='ltr'>slovd</span> <span class='ocrx_word' id='word_1_427' title='bbox 1152 4710 1204 4761; x_wconf 90' lang='lat' dir='ltr'>sed</span> <span class='ocrx_word' id='word_1_428' title='bbox 1224 4710 1366 4762; x_wconf 72' lang='lat' dir='ltr'>skrtnuto.</span> <span class='ocrx_word' id='word_1_429' title='bbox 1387 4711 1411 4774; x_wconf 89' lang='lat' dir='ltr'>r)</span> <span class='ocrx_word' id='word_1_430' title='bbox 1432 4708 1457 4761; x_wconf 94' lang='lat' dir='ltr'>V</span> <span class='ocrx_word' id='word_1_431' title='bbox 1477 4708 1531 4761; x_wconf 88' lang='lat' dir='ltr'>Un.</span> <span class='ocrx_word' id='word_1_432' title='bbox 1550 4709 1625 4761; x_wconf 70' lang='lat' dir='ltr'>ikrt-</span> 
     </span>
     <span class='ocr_line' id='line_1_47' title="bbox 344 4776 1587 4850; baseline -0.002 -15"><span class='ocrx_word' id='word_1_433' title='bbox 344 4790 416 4835; x_wconf 90' lang='lat' dir='ltr'>nuto</span> <span class='ocrx_word' id='word_1_434' title='bbox 435 4779 689 4850; x_wconf 72' lang='lat' dir='ltr'>(podteikovano),</span> <span class='ocrx_word' id='word_1_435' title='bbox 709 4782 753 4834; x_wconf 91' lang='lat' dir='ltr'>ale</span> <span class='ocrx_word' id='word_1_436' title='bbox 772 4776 883 4833; x_wconf 82' lang='lat' dir='ltr'>zi’rstalo</span> <span class='ocrx_word' id='word_1_437' title='bbox 903 4797 919 4832; x_wconf 98' lang='lat' dir='ltr'>v</span> <span class='ocrx_word' id='word_1_438' title='bbox 939 4780 993 4833; x_wconf 92' lang='lat' dir='ltr'>Un.</span> <span class='ocrx_word' id='word_1_439' title='bbox 1014 4780 1039 4833; x_wconf 90' lang='lat' dir='ltr'>b.</span> <span class='ocrx_word' id='word_1_440' title='bbox 1060 4778 1084 4849; x_wconf 92' lang='lat' dir='ltr'>s)</span> <span class='ocrx_word' id='word_1_441' title='bbox 1104 4780 1176 4847; x_wconf 88' lang='lat' dir='ltr'>Kap.</span> <span class='ocrx_word' id='word_1_442' title='bbox 1196 4786 1237 4847; x_wconf 91' lang='lat' dir='ltr'>tu,</span> <span class='ocrx_word' id='word_1_443' title='bbox 1257 4796 1282 4833; x_wconf 91' lang='lat' dir='ltr'>o.</span> <span class='ocrx_word' id='word_1_444' title='bbox 1301 4778 1323 4850; x_wconf 91' lang='lat' dir='ltr'>t)</span> <span class='ocrx_word' id='word_1_445' title='bbox 1343 4779 1397 4833; x_wconf 94' lang='lat' dir='ltr'>Un.</span> <span class='ocrx_word' id='word_1_446' title='bbox 1417 4782 1587 4848; x_wconf 85' lang='lat' dir='ltr'>perorescis.</span> 
     </span>
    </p>
   </div>
   <div class='ocr_carea' id='block_1_5' title="bbox 0 0 1967 5742">
    <p class='ocr_par' dir='ltr' id='par_1_7' title="bbox 0 0 1967 5742">
     <span class='ocr_line' id='line_1_48' title="bbox 0 0 1967 5742; baseline 0 0"><span class='ocrx_word' id='word_1_447' title='bbox 0 0 1967 5742; x_wconf 95' lang='lat' dir='ltr'> </span> 
     </span>
    </p>
   </div>
  </div>
 </body>
</html>
