3917 5742
855 687 992 755 Kapitola
1011 687 1113 741 ctvrta.
1574 692 1625 741 143

338 871 461 931 ostium
486 870 755 948 disrumpentes,a
776 868 1005 949 ingrediuntur
1029 868 1222 929 bachantes.
1261 866 1390 945 Quibus
1413 869 1510 930 beata
1535 868 1625 930 Lud-

340 955 433 1020 milab
469 959 581 1020 humili
614 959 676 1021 sub
708 977 808 1020 voce:
844 956 1009 1036 Quenam
1043 958 1157 1037 inquit,
1189 976 1247 1019 vos
1276 958 1462 1036 repentinac
1490 960 1625 1019 vesania

338 1047 459 1129 agitat?
484 1047 528 1108 Et
543 1067 610 1109 non
628 1048 822 1110 erubescitis
838 1066 947 1128 neque
964 1056 1076 1108 mente
1094 1046 1313 1123 pertractatis,
1338 1047 1624 1125 quemadmodum

336 1146 473 1217 egomet
497 1157 555 1198 vos
579 1155 641 1198 ceu
665 1136 749 1198 filios
774 1139 930 1215 proprios
954 1136 1103 1209 educavi,
1128 1156 1209 1197 auro
1234 1143 1440 1217 argentoque
1464 1137 1625 1198 vestibus-

338 1221 420 1306 qued
449 1227 631 1307 insignibus
656 1226 780 1287 ditavi?
806 1225 933 1287 Verum
958 1228 986 1286 si
1010 1244 1077 1304 qua
1101 1227 1134 1286 in
1148 1225 1242 1286 vobis
1263 1245 1338 1285 mea
1355 1227 1512 1304 iniquitas
1530 1228 1624 1301 inest,

336 1318 500 1377 intimatee
528 1335 643 1395 queso.
668 1314 715 1376 At
738 1314 784 1376 illi
809 1309 990 1389 furientes,f
1022 1317 1114 1375 saxis
1139 1314 1324 1397 rigidiores,
1357 1334 1455 1376 aures
1479 1314 1521 1375 ad
1547 1315 1625 1374 hecg

338 1404 551 1478 obdurantes,
575 1423 643 1466 non
659 1406 755 1465 veriti
778 1413 854 1465 sunt
878 1423 997 1465 manus
1021 1406 1053 1465 in
1076 1424 1149 1464 eam
1175 1396 1345 1481 propriash
1372 1406 1503 1477 inicere,
1522 1403 1624 1465 lecto-

336 1513 403 1574 que
419 1501 605 1555 extractam
621 1501 805 1554 terretenus
822 1495 1044 1572 proiecerunt.
1070 1491 1201 1571 Quibus
1218 1492 1287 1553 illa:
1313 1492 1492 1571 Paulisper,
1509 1495 1624 1572 inquit,

337 1585 489 1644 oracioni
525 1584 718 1644 incumbere
751 1576 812 1642 mei
840 1584 948 1644 sinite,
998 1581 1130 1661 Quibus
1163 1577 1243 1642 hecl·
1269 1581 1544 1657 concedentibus,
1564 1601 1622 1643 ex·

337 1674 450 1751 pansis
474 1674 582 1733 oravit
605 1672 648 1733 ad
666 1666 849 1733 dominuml
884 1671 1047 1733 manibus.
1072 1671 1152 1733 Post
1175 1670 1264 1732 hoc¹n
1289 1674 1415 1751 inquit:
1440 1670 1508 1731 Mei
1524 1674 1622 1732 inter-

336 1763 402 1823 itus
436 1780 538 1822 causa
573 1762 602 1822 si
633 1761 848 1835 adventastis,
872 1762 1025 1834 obsecro,
1060 1767 1097 1821 ut
1120 1779 1278 1821 mucrone
1302 1759 1475 1822 auferatisn
1504 1768 1622 1840 caput;

337 1850 493 1929 exemplo
520 1858 717 1926 martyrum⁰
739 1852 935 1931 sanguinem
959 1848 1132 1911 fundendo
1149 1851 1379 1911 testimonium
1396 1846 1530 1911 Christo
1550 1870 1623 1930 per-

337 1940 452 2000 hibere
476 1941 630 2021 gestiens,
656 1959 695 1999 ac
720 1940 863 2017 palmam
888 1942 1037 2016 martyrii
1061 1958 1136 2000 cum
1161 1940 1242 2017 ipsis
1266 1940 1337 2000 sine
1361 1938 1425 2000 fine
1449 1942 1623 2018 percipere

337 2037 468 2106 optanS,
492 2048 592 2107 quam
617 2030 741 2089 eciamp
775 2047 842 2089 non
875 2027 1068 2090 dubitamus
1092 2047 1165 2089 eam
1191 2030 1424 2106 promeruisse,
1449 2031 1624 2107 quoniamq

336 2138 432 2178 sacra
468 2120 633 2195 scriptura
670 2125 832 2179 testante:
873 2116 983 2190 Iustus
1019 2135 1219 2196 quacunque
1254 2125 1362 2179 morte
1397 2126 1623 2197 preocupatus

337 2205 443 2281 suerit,
476 2209 588 2267 anima
619 2208 692 2267 eius
724 2209 757 2267 in
790 2205 961 2286 refrigerio
993 2209 1077 2268 erit.r
1114 2203 1202 2287 (Sap.
1227 2206 1256 2267 4.
1283 2206 1324 2284 7.)
1373 2206 1512 2269 Funesti
1543 2226 1622 2288 ergo

336 2296 507 2357 carnifices
541 2314 657 2371 preces
687 2297 759 2357 eius
789 2297 957 2375 verbaque
989 2304 1192 2373 spernentes,
1217 2294 1294 2356 fune
1325 2299 1452 2378 gutturi
1483 2298 1554 2358 eius
1579 2299 1622 2357 in-

336 2387 448 2460 misso,
473 2384 700 2447 suffocacione
724 2387 826 2446 vitam
851 2385 897 2446 illi
925 2385 1135 2447 abstulerunt
1163 2393 1360 2462 presentem,
1387 2388 1560 2447 victurams
1589 2388 1622 2446 in

338 2493 436 2535 evum
471 2493 547 2535 cum
584 2492 633 2550 eo,
669 2493 768 2552 quem
808 2492 940 2550 semper
976 2474 1161 2548 dilexerat,t
1195 2473 1272 2553 Jesu
1309 2471 1444 2536 Christo
1483 2475 1622 2536 domino

335 2571 477 2624 nostro.¹¹
506 2561 664 2641 Suscepit
688 2571 801 2625 autem
826 2565 1037 2638 martyriumv
1066 2561 1146 2623 felix
1179 2564 1313 2641 deoque
1344 2565 1466 2624 devota
1499 2563 1622 2625 famula

336 2649 460 2714 Christi
483 2650 655 2712 Ludmila¹
683 2654 824 2729 septima
849 2653 984 2714 sabbati
1007 2652 1061 2714 die
1093 2660 1142 2713 ety
1162 2650 1263 2713 XVII
1287 2647 1449 2713 kalendas
1473 2654 1622 2714 octobris
1642 2668 1685 2717 15.
1705 2661 1766 2718 zail

337 2744 443 2818 prima
468 2740 578 2819 vigilia
602 2743 737 2802 noctis.z
1660 2733 1747 2805 (921).

425 2828 542 2891 Clerus
564 2849 643 2890 vero
668 2833 740 2891 eius
761 2837 901 2891 cunctus
918 2832 1129 2910 universique
1145 2830 1314 2891 vernaculi
1331 2833 1501 2908 utriusque
1518 2850 1622 2893 sexus

335 2927 471 2996 pastore
495 2927 671 2997 perempto
695 2921 729 2981 in
754 2919 886 2981 diversa
911 2922 1019 2996 sparsi
1043 2920 1182 2981 diversis
1213 2922 1246 2979 in
1275 2918 1421 2980 latibulis
1444 2923 1621 2996 latitantes,

333 3010 436 3068 vitam
461 3016 648 3085 presentem
665 3010 801 3069 sibimet
824 3008 1025 3071 studuerunt
1041 3027 1172 3069 servare
1182 3016 1221 3083 ;aa
1238 3017 1315 3086 post
1332 3004 1434 3079 hec,bb
1454 3009 1620 3069 redeunti·

335 3096 427 3157 buscc
447 3096 685 3159 crudelissimis
717 3096 936 3170 carnificibus
962 3097 1005 3157 ad
1041 3096 1166 3158 funeris
1209 3100 1280 3159 eius
1317 3096 1462 3159 officium
1498 3116 1621 3179 magno

334 3204 411 3247 cum
436 3180 560 3247 metudd
581 3195 615 3247 et
638 3186 768 3248 ulutatu
785 3189 1030 3259 convenientes,
1047 3186 1375 3266 honestissimequeee
1403 3195 1531 3261 cuncta,
1556 3204 1621 3265 que

334 3276 377 3337 ad
413 3276 618 3356 sepulturam
654 3274 725 3338 fore
758 3275 990 3351 cernebantur,
1023 3284 1230 3356 peragentes,
1261 3272 1370 3338 terreff
1394 3275 1525 3356 glebam
1550 3278 1621 3337 eius

335 3366 580 3426 sanctissimam
606 3366 926 3427 commendavere.gl
949 3362 1180 3427 Cruentissimi
1203 3384 1282 3427 vero
1307 3365 1481 3426 carnifices
1504 3364 1621 3442 spoliis

334 3452 482 3532 direptis,
500 3453 672 3515 dominam
685 3454 728 3515 ad
747 3448 950 3533 propriamhh
967 3456 1119 3534 regressi,
1135 3455 1294 3535 gaudium
1312 3454 1359 3516 illi
1375 3457 1621 3532 permaximum

334 3542 516 3605 intulerunt
540 3545 728 3605 innocentis
751 3546 794 3604 de
811 3537 919 3620 nece,ii
939 3546 1132 3605 estimantes
1157 3564 1192 3605 se
1208 3546 1240 3605 in
1256 3551 1407 3604 eternum
1424 3543 1622 3622 locupletari

334 3639 435 3709 atque
451 3634 484 3693 in
502 3627 633 3693 evumkk
648 3634 804 3707 victuroS,
828 3633 950 3710 quibus
966 3634 1093 3694 atrocia
1119 3641 1152 3693 et
1175 3632 1441 3713 inextinguibilia
1469 3633 1621 3715 gehenne

334 3722 419 3802 ignis
442 3721 606 3800 supplicia
630 3730 747 3800 parata
772 3741 853 3783 mox
871 3723 1009 3783 inerant.
1035 3720 1166 3783 Prefata
1190 3730 1303 3783 autem
1320 3715 1461 3799 perfida¹'
1485 3723 1621 3783 domina

423 3876 450 3941 al
469 3878 522 3930 Un.
549 3878 675 3929 hostium
700 3877 914 3944 dirumpentes3
942 3877 996 3930 Un.
1016 3879 1043 3929 b.
1063 3878 1283 3945 dirrumpentes.
1315 3878 1345 3944 b)
1366 3879 1440 3931 Wat.
1469 3877 1621 3931 Liudmila.

334 3948 361 4011 c)
384 3947 457 4001 Wat.
481 3965 542 4007 vos,
565 3950 668 4016 inquit,
688 3951 838 4013 repentina
863 3949 988 4014 insania,
1017 3948 1071 4001 Un.
1091 3951 1243 4015 repentina
1269 3965 1329 4002 vos.
1358 3949 1388 4018 d)
1408 3950 1461 4002 Un.
1482 3950 1620 4002 vestibus

334 4016 361 4084 e)
380 4018 455 4071 Wat.
470 4020 557 4072 michi
570 4020 706 4072 intimate.
727 4018 749 4087 s)
769 4020 843 4073 Wat.
859 4021 997 4073 furentes.
1017 4019 1044 4089 g)
1064 4019 1138 4072 Wat.
1158 4021 1221 4074 hoc.
1241 4022 1270 4082 11)
1285 4020 1358 4073 Wat.
1373 4037 1475 4073 manus
1490 4021 1620 4087 proprias

334 4089 362 4139 in
381 4104 453 4143 eam.
473 4092 493 4155 i)
513 4090 588 4143 Wat.
609 4107 654 4143 me
674 4092 851 4144 incumbere.
872 4092 901 4155 k)
921 4091 974 4144 Un.
995 4092 1066 4156 hoc;
1088 4091 1162 4144 Wat.
1181 4093 1274 4144 hema.
1295 4092 1313 4158 l)
1333 4092 1387 4145 Un.
1408 4093 1492 4144 hema
1512 4093 1549 4145 ad
1569 4093 1621 4145 do·

334 4161 451 4213 minum.
472 4164 510 4223 m)
531 4162 604 4214 Wat.
624 4164 705 4215 haec.
726 4164 755 4226 11)
775 4162 850 4215 Wat.
865 4178 1004 4215 mucrone
1017 4162 1144 4227 auferte3
1165 4164 1218 4216 Un.
1233 4163 1388 4217 aufferatis.
1408 4161 1437 4231 o)
1456 4162 1527 4230 Kap.
1548 4179 1621 4216 mar·

333 4232 407 4296 tyrii.
428 4232 458 4300 p)
477 4232 552 4286 Wat.
572 4248 636 4286 eam
655 4235 850 4300 promeruisse
870 4250 927 4286 non
947 4235 1123 4287 dubitamus.
1144 4237 1174 4301 q)
1194 4236 1248 4288 Un.
1268 4237 1359 4287 nema.
1389 4234 1413 4302 r)
1433 4234 1508 4286 Wat.
1528 4234 1556 4286 ln
1576 4250 1621 4287 re-

334 4301 439 4371 frigero
464 4305 519 4356 erit
537 4306 632 4358 anima
651 4306 721 4359 eius.
750 4307 775 4370 s)
796 4305 869 4358 Wat.
890 4306 1004 4373 chybne
1029 4306 1150 4358 victura.
1179 4306 1200 4372 t)
1220 4305 1294 4359 Wat.
1321 4307 1429 4359 dilexit.
1459 4304 1488 4369 u)
1509 4305 1621 4358 Wata

334 4373 387 4426 Un.
407 4375 513 4442 nemaji
532 4384 640 4429 nostro.
669 4386 698 4435 v)
719 4376 771 4428 Un.
792 4377 957 4429 martirium.
985 4374 1017 4442 x)
1037 4375 1111 4428 Wat.
1138 4378 1318 4445 vynechava:
1348 4376 1454 4430 Christi
1480 4377 1621 4430 Ludmila.

333 4446 362 4513 y)
383 4445 457 4497 Wat.
477 4449 569 4498 nema.
601 4447 627 4511 z)
648 4447 721 4513 Kap.
742 4449 803 4515 rkp.
825 4450 921 4500 matu
941 4448 969 4499 in
990 4448 1117 4517 margine
1142 4450 1314 4515 poznamku,
1342 4449 1392 4516 jak
1416 4463 1449 4500 se
1474 4449 1535 4511 ada,
1556 4463 1621 4500 sou·

334 4515 458 4569 dasnou:
489 4533 581 4570 »anno
608 4520 693 4570 etatis
718 4534 771 4571 sue
790 4516 895 4571 LX1⁰‹.
924 4517 969 4586 aa)
988 4518 1063 4570 Wat.
1082 4534 1293 4573 conservavere
1321 4519 1505 4587 (studuerunt
1533 4534 1621 4587 vyne-

333 4587 454 4654 chava);
473 4588 527 4642 Un.
546 4604 728 4642 conservare.
747 4591 797 4656 bb)
819 4591 871 4644 Un.
892 4590 955 4643 hoc.
986 4592 1029 4657 cc)
1055 4588 1129 4642 Wat.
1149 4592 1363 4643 recedentibus.
1391 4592 1442 4656 dd)
1461 4590 1535 4657 Wat.
1556 4606 1621 4642 cum

334 4673 439 4727 magno
458 4667 545 4711 metu.
565 4660 610 4722 ee)
630 4661 684 4713 Un.
704 4664 787 4714 nema
806 4676 884 4728 que.
912 4661 948 4729 fs)
968 4660 1040 4728 Kap.
1059 4668 1144 4714 terra.
1173 4664 1220 4732 gg)
1240 4662 1314 4715 Wat.
1334 4662 1620 4715 commendaverunt.

333 4727 384 4798 hh)
411 4728 485 4783 Wat.
511 4732 549 4785 ad
576 4734 722 4798 propriam
748 4732 903 4786 dominam.
932 4732 961 4801 il)
981 4732 1057 4787 Wat.
1077 4733 1114 4785 de
1133 4747 1205 4786 nece
1224 4734 1395 4787 innocentis
1425 4734 1475 4798 kk)
1496 4733 1571 4787 Wat.
1591 4734 1621 4786 in

333 4808 474 4854 eternum.
496 4801 523 4867 lll
543 4801 617 4855 Wat.
637 4805 725 4856 nema'.
