3917 5742
364 652 415 701 152
719 648 742 715 J.
763 648 867 701 Pekai:
888 647 1028 715 Neistarti
1046 648 1168 701 kronika
1187 648 1283 701 deska.

362 828 440 891 nulli
464 827 587 908 aliquid
604 827 812 904 subtrahens,
837 829 1023 889 exercitum
1043 847 1139 890 suum
1165 848 1232 891 non
1249 829 1357 891 solum
1381 832 1481 891 armis
1505 832 1650 908 optimis,

362 938 475 979 verum
501 930 534 979 et
557 917 753 979 indumento
778 937 902 996 corpus
925 918 1123 979 adornabat.

452 1024 526 1085 Hiis
550 1035 583 1084 et
599 1023 830 1085 huiuscemodi
848 1025 1023 1085 virtutibus
1048 1025 1091 1085 ab
1115 1026 1188 1103 ipso
1205 1026 1344 1087 tirocinii
1368 1035 1521 1103 tempore
1545 1030 1648 1108 insig-

362 1115 447 1175 nitus
471 1113 620 1187 florebat,
645 1132 846 1191 crucemque
871 1110 1007 1174 Christe
1038 1114 1195 1176 membris
1220 1114 1392 1193 applicans
1416 1116 1492 1190 suis,
1518 1135 1647 1177 memo·

362 1204 498 1264 rabatur
515 1204 700 1264 divinorum
724 1212 971 1281 preceptorum,
995 1222 1137 1281 perque
1161 1202 1297 1265 dicitur:
1322 1202 1357 1265 Si
1382 1206 1455 1284 quis
1479 1205 1546 1266 vult
1569 1216 1649 1283 post

361 1312 415 1353 me
439 1293 557 1363 venire,
574 1293 717 1372 abneget
733 1304 839 1352 semet
864 1294 982 1368 ipsum,
1008 1302 1041 1352 et
1057 1291 1150 1353 tollat
1167 1311 1300 1354 crucem
1320 1311 1414 1353 suam
1440 1304 1473 1355 et
1488 1305 1649 1372 sequatur

360 1400 423 1443 me.
451 1374 569 1462 [Math.
598 1382 645 1441 17.
671 1378 735 1458 24]
761 1379 933 1460 Siquidem
957 1382 989 1442 in
1013 1381 1294 1462 quadragesimali
1318 1382 1367 1443 vel
1394 1378 1542 1443 hiemalib
1564 1391 1647 1444 tem-

362 1490 444 1549 pore
468 1488 527 1547 per
551 1469 696 1551 gelidum
721 1478 767 1531 etc
796 1470 937 1531 arduum
973 1471 1092 1532 callem
1117 1470 1330 1532 discalciatus
1362 1472 1578 1551 gradiebatur
1603 1472 1646 1533 de

358 1560 494 1643 civitate
525 1561 557 1619 in
582 1559 755 1630 civitatem,
789 1559 949 1620 ecclesias
973 1556 1094 1621 Christi
1127 1561 1291 1637 pedestris
1315 1560 1492 1633 illustrans,
1522 1562 1568 1623 ita
1592 1556 1647 1622 utd

361 1649 495 1728 vestigia
520 1648 623 1724 ipsius
649 1667 767 1709 cruore
791 1650 959 1728 sanguinis
992 1648 1169 1710 madencia
1193 1659 1417 1711 cernerentur.
1443 1646 1564 1711 Ciliciis
1587 1669 1647 1711 ex·

362 1739 451 1798 hinc⁶
486 1737 530 1798 ob
564 1732 787 1799 oblacionems
817 1737 984 1798 mundicie
1017 1738 1214 1799 servandam
1246 1749 1342 1800 utens
1366 1740 1508 1815 asperisg
1539 1741 1646 1811 nimis

361 1846 426 1907 que
457 1836 610 1904 tempora
647 1845 751 1905 usque
787 1827 830 1887 ad
866 1826 927 1887 hec
964 1829 1188 1889 reverenciam
1225 1829 1270 1889 ob
1301 1829 1403 1905 ipsius
1438 1827 1527 1891 velut
1559 1848 1646 1889 nova

361 1925 542 1989 servantur,
577 1915 778 1993 assidueque
815 1917 918 1977 laneis
954 1935 1016 1977 ceu
1051 1916 1238 1977 monachus
1274 1918 1411 1979 indutus
1445 1918 1566 1979 tunicis
1602 1918 1645 1979 ad

361 2023 503 2078 carnem,
539 2004 685 2083 desuper
719 2025 798 2066 vero
834 2006 969 2083 optimis
1001 2015 1035 2066 et
1059 2005 1225 2085 regalibus
1261 2008 1410 2082 amictus,
1446 2006 1647 2085 splendebat

361 2113 474 2155 coram
500 2093 565 2154 deo
583 2094 847 2172 hominibusque,
872 2096 997 2171 pabulo
1012 2094 1147 2155 modico
1172 2090 1363 2155 refocilansh
1385 2104 1485 2173 artus,
1510 2095 1645 2176 pervigil

360 2183 494 2244 assidue
518 2184 647 2263 gracias
663 2182 725 2243 soli
741 2183 908 2245 inmensas
924 2203 991 2244 non
1008 2183 1160 2244 cessabat
1177 2203 1276 2263 agere
1293 2184 1368 2245 deo.
1393 2184 1440 2246 At
1464 2185 1489 2245 si
1508 2185 1644 2264 quando

360 2273 412 2346 illi,
436 2283 472 2332 ut
486 2272 628 2350 ‘principi
651 2270 737 2333 feras
760 2275 844 2333 inter
867 2281 977 2333 tantas
1001 2274 1146 2347 cubanti,
1171 2274 1363 2354 contigisset
1380 2294 1454 2335 sero
1480 2268 1645 2336 hesternoi

362 2361 613 2423 habundantem
645 2361 794 2422 hausisse
826 2381 953 2422 morem
987 2369 1082 2423 extra
1114 2362 1248 2423 solitum
1281 2372 1408 2440 potum,
1440 2382 1581 2442 sompno
1605 2381 1641 2423 se

361 2450 540 2511 excuciens
567 2450 723 2521 diluculo,
759 2445 933 2511 citissimel‘
969 2471 1154 2529 properans
1190 2450 1374 2528 ecclesiam,
1410 2468 1641 2530 quemcunque

362 2540 574 2600 sacerdotum
606 2559 664 2600 seu
696 2539 892 2601 clericorum
926 2540 1005 2600 inibi
1045 2541 1231 2619 reperisset,
1267 2542 1395 2618 optimo
1431 2557 1643 2621 quocumque

360 2628 630 2690 indumentorum
664 2623 818 2709 tegebat,¹
855 2648 928 2690 sese
960 2648 1089 2690 exuens
1121 2628 1231 2708 illique
1256 2629 1466 2707 contradens,
1504 2629 1645 2708 pedibus

361 2720 465 2796 ipsius
500 2718 748 2792 advolvebatur,
781 2718 904 2779 obnixe
932 2718 1114 2797 postulans,
1149 2738 1217 2797 quo
1252 2739 1313 2796 pro
1345 2728 1452 2780 semet
1483 2718 1645 2781 attencius

361 2803 527 2867 Christum
553 2807 726 2867 dominum
750 2820 917 2879 exoraret,
943 2827 1069 2867 noxam
1093 2808 1270 2886 quatinusm
1297 2807 1342 2869 illi
1367 2807 1523 2869 hesterna
1547 2817 1646 2870 nocte

361 2905 525 2974 patratam
551 2895 731 2957 clementer
754 2896 950 2976 indulgeret.

451 3002 488 3064 ln
513 3002 629 3064 officiis
659 3023 738 3064 vero
771 3003 887 3063 divinis
911 3012 979 3062 tam
1004 3002 1159 3064 assiduus
1183 3003 1297 3078 inerat,
1333 3013 1368 3063 ut
1393 3001 1528 3063 cottidie
1553 3003 1646 3063 obla·

361 3091 491 3152 cionem
514 3111 617 3167 suam,
642 3093 795 3154 manibus
819 3094 887 3153 suis
910 3089 1108 3166 confectam,
1132 3091 1270 3152 domino
1295 3091 1476 3152 exhiberet.
1502 3090 1587 3151 Nam
1612 3091 1646 3151 in

361 3183 477 3241 messis
494 3189 655 3258 tempore,
672 3184 887 3259 intempeste¹¹
908 3182 1015 3240 noctis
1031 3180 1176 3251 silenei0,
1194 3200 1308 3261 agrum
1333 3190 1450 3256 petens
1473 3180 1646 3258 proprium

361 3270 476 3330 adibat
500 3289 575 3330 cum
599 3271 660 3330 sibi
684 3269 877 3330 fidelissimo
903 3268 1031 3343 cliente,
1056 3270 1183 3347 dequo
1208 3270 1426 3347 postmodum
1451 3270 1646 3347 precipuum

361 3372 395 3419 et
419 3359 461 3418 ad
479 3359 716 3420 declarandum
733 3359 903 3437 utriusque
920 3360 1073 3419 meritum
1098 3359 1224 3440 insigne
1241 3359 1434 3420 exarabitur
1451 3359 1646 3438 prodigium,
1717 3371 1720 3377 '

360 3449 571 3527 triticumque
596 3460 732 3524 metens,
757 3448 903 3508 humeris
928 3448 1079 3508 baiolans
1104 3450 1262 3526 propriis⁰
1292 3448 1446 3509 domump
1475 3447 1647 3522 inferebat,

361 3537 573 3616 manualique
608 3549 719 3598 terens
752 3536 851 3611 mola,
882 3537 986 3615 pistor
1021 3537 1092 3614 ipse
1123 3546 1157 3597 et
1189 3537 1259 3597 dux
1296 3535 1435 3597 farinam
1471 3538 1646 3611 cribrabat,

362 3644 551 3705 aquamque
581 3635 704 3703 petens
728 3626 823 3687 indeq
851 3625 1089 3687 nocturnaliter
1114 3626 1278 3698 hauriens,
1309 3623 1493 3685 fatebatur:
1527 3626 1562 3686 ln
1587 3644 1647 3686 no-

362 3717 450 3774 mine
475 3715 576 3789 patris
601 3729 633 3775 et
657 3714 714 3776 filii
746 3726 778 3774 et
802 3716 936 3791 spiritus
967 3715 1081 3775 sancti.
1108 3713 1230 3792 Quamr
1259 3717 1366 3775 eciam
1394 3714 1532 3775 domum
1557 3712 1647 3774 dele-

362 3822 446 3876 rens,
463 3802 613 3882 predicta
630 3823 706 3865 cum
723 3802 862 3865 larinula
879 3806 1032 3880 miscenS,
1048 3803 1189 3864 oblatass
1210 3802 1417 3863 conficiebat.
1438 3802 1648 3881 Vineamque

361 3910 552 3970 properans,
578 3894 693 3953 botros
717 3911 859 3969 carpens
883 3895 1017 3971 suisque
1041 3893 1115 3954 illos
1146 3892 1298 3953 manibus
1323 3902 1500 3953 conterens
1532 3910 1648 3952 urceo-

362 4000 428 4059 que
452 3979 636 4056 infundens,
670 4001 768 4043 usum
793 3982 847 4041 adt
874 3983 977 4042 sancti
1011 3983 1232 4042 conservabat
1256 3979 1415 4041 sacrificii.
1457 3980 1543 4059 Quia
1568 4000 1647 4041 vero

362 4070 520 4131 radicitus
544 4070 687 4131 necdum
704 4070 806 4130 avulsi
823 4068 955 4131 fuerant
978 4090 1185 4152 paganorum
1203 4071 1429 4148 supersticiosi
1454 4074 1543 4145 ritus,
1567 4069 1648 4131 dum

362 4159 495 4239 plurimi
527 4158 569 4219 ad
593 4158 834 4221 immolandum
867 4158 1033 4220 demoniis
1064 4159 1209 4221 nefanda
1244 4172 1463 4237 properarent
1487 4158 1648 4220 sacrificia

362 4249 511 4326 cibisque
542 4267 586 4308 ex
610 4250 688 4326 ipsis
720 4250 923 4328 potibusque
955 4248 1051 4309 simul
1085 4249 1344 4328 inquinarentur,
1376 4268 1545 4327 nunquam
1578 4248 1648 4326 ipse

453 4475 480 4539 a)
501 4474 555 4527 Un.
570 4473 664 4526 Cristi.
684 4474 713 4540 b)
734 4473 788 4527 Un.
801 4475 934 4543 hyemali.
955 4473 982 4542 c)
1001 4474 1054 4527 Un.
1075 4476 1166 4526 nema.
1187 4473 1217 4536 d)
1236 4471 1290 4524 Un.
1305 4481 1386 4525 utet.
1408 4470 1434 4540 e)
1455 4471 1508 4525 Un.
1530 4480 1559 4524 et
1572 4474 1649 4526 hinc·

363 4545 511 4615 ORkpsy:
525 4546 715 4598 ablucionem.
737 4546 881 4613 Nasleduji
899 4547 1073 4614 konjektury
1087 4546 1116 4597 P.
1130 4545 1286 4605 Athanase‚
1301 4542 1317 4595 l.
1331 4559 1363 4606 c.,
1380 4550 1420 4596 72.
1440 4542 1469 4613 g)
1484 4544 1536 4597 Un.
1551 4561 1649 4612 asper·

363 4620 451 4670 rimis.
472 4617 500 4683 h)
521 4616 572 4670 Un.
593 4616 763 4669 refocillans.
784 4618 802 4681 i)
822 4618 875 4670 Un.
890 4619 1093 4684 hesterneque.
1116 4620 1144 4679 k)
1164 4615 1217 4667 Un.
1237 4615 1386 4669 cicissime.
1407 4614 1425 4683 Ι)
1446 4616 1517 4681 Kap.
1531 4618 1650 4686 tegeba-

362 4696 418 4742 tur.
450 4686 489 4753 m)
514 4688 566 4741 Un.
586 4696 737 4757 quatenus.
764 4686 792 4756 n)
812 4688 867 4740 Un.
892 4688 1072 4755 intempesta.
1101 4685 1130 4757 ο)
1155 4686 1209 4739 Un.
1236 4688 1377 4753 proprius.
1407 4686 1436 4755 p)
1460 4687 1514 4740 Un.
1540 4687 1648 4741 domui.

364 4758 393 4827 q)
412 4760 464 4812 Un.
484 4758 590 4811 itidem.
611 4761 635 4826 r)
655 4760 709 4812 Un.
729 4775 828 4827 quare.
847 4760 872 4825 s)
893 4758 946 4811 Un.
967 4759 1101 4812 oblatam.
1121 4761 1142 4824 t)
1161 4758 1215 4812 Un.
1234 4758 1272 4811 ad
1291 4775 1384 4812 usum.
