3917 5742
784 628 888 698 Prolog
907 644 924 681 a
943 628 1074 695 kapitola
1093 630 1171 695 prva.
1569 633 1623 681 133

333 820 383 873 eta
408 811 594 874 rectoribus
617 810 758 873 ecclesie
782 810 1001 892 redarguitur,
1024 818 1061 871 ut
1085 809 1165 888 quid
1183 818 1300 871 contra
1316 816 1439 871 statuta
1456 828 1624 871 canonum

336 921 436 963 ausus
474 898 572 963 luerit
610 900 787 963 missarum
826 899 1024 977 sollempnia
1063 899 1235 961 instituere
1276 917 1397 960 canere
1436 899 1624 961 sclavonica

336 984 473 1072 lingua.b
505 990 563 1051 lllo
596 989 763 1062 humiliter
795 988 1020 1049 satisfaciente
1045 987 1106 1049 illis
1138 1007 1199 1049 nec
1224 988 1360 1050 omnino
1392 990 1542 1069 mitigare
1567 1007 1626 1050 eos

336 1082 475 1154 valente,
499 1087 633 1157 arrepto
658 1078 816 1157 psalterio
847 1096 978 1139 versum
1009 1075 1261 1158 psalmigraphi⁰
1294 1079 1326 1137 in
1359 1072 1522 1138 mediumd
1544 1079 1624 1138 reci·
1645 1096 1763 1163 Fontes,

336 1171 425 1245 tavit,
450 1188 516 1249 quo
550 1168 684 1230 dicitur:
722 1164 838 1230 Omnis
872 1169 1008 1245 spiritus
1032 1164 1147 1228 laudet
1170 1166 1352 1228 dominum.
1394 1163 1457 1247 [Ps.
1484 1166 1555 1227 150.
1580 1159 1624 1249 6.]
1654 1168 1674 1232 Ι.
1694 1175 1754 1225 201.

337 1257 380 1318 Et
400 1259 471 1337 ipse
487 1259 595 1319 versui
619 1255 787 1331 alludens,
811 1253 855 1331 Si,
880 1258 994 1336 inquit,
1019 1256 1126 1316 omnis
1151 1256 1284 1332 spiritus
1308 1256 1421 1317 laudet
1445 1256 1626 1332 dominum,

337 1366 395 1407 cur
421 1366 482 1423 me,
507 1355 618 1426 patres
641 1345 747 1419 electi,
771 1344 955 1424 prohibetis
979 1346 1156 1406 missarum
1188 1343 1484 1424 sollempnitateme
1508 1344 1626 1406 modu-

337 1430 418 1497 laref
444 1436 630 1497 sclavonice
655 1453 713 1496 seu
738 1434 802 1496 alia
827 1453 960 1515 queque
986 1434 1028 1495 de
1053 1433 1156 1495 latino
1180 1434 1231 1495 vel
1256 1452 1356 1514 greco
1380 1436 1483 1495 verbo
1508 1453 1625 1495 eorum

337 1534 466 1587 vertere
497 1526 530 1585 in
562 1523 772 1587 sermonem?
804 1519 841 1584 Si
874 1525 961 1584 enim
994 1524 1171 1603 quivissem
1206 1522 1273 1584 ullo
1308 1523 1428 1585 modog
1449 1524 1626 1585 subvenire

338 1614 466 1694 populo
490 1614 542 1690 illi,
574 1624 611 1675 ut
642 1614 760 1674 ceteris
793 1613 990 1673 nacionibus
1023 1606 1150 1693 linguah
1171 1612 1271 1674 latina
1295 1612 1345 1673 vel
1381 1630 1489 1693 greca,
1521 1616 1625 1673 omni-

339 1697 457 1765 modisi
484 1704 517 1766 id
542 1723 609 1765 non
634 1705 923 1781 presumpsissem.
947 1700 1016 1763 Sed
1034 1720 1172 1762 cernens
1196 1701 1358 1780 populum
1382 1701 1465 1762 dure
1490 1704 1626 1763 cervicis

340 1792 411 1853 fore
436 1802 469 1856 et
505 1793 642 1854 omnino
666 1790 802 1870 ydiotas
834 1798 867 1851 et
890 1792 1026 1871 ignaros
1050 1792 1173 1851 viarum
1210 1785 1291 1866 dei,¹‘
1314 1790 1422 1852 solum
1446 1790 1511 1852 hoc
1535 1791 1625 1872 inge·

340 1881 432 1942 nium
471 1876 711 1962 omnipotente¹
748 1880 864 1941 cordim
884 1880 1066 1960 inspirante
1102 1880 1261 1958 comperi,
1298 1899 1358 1959 per
1389 1880 1480 1959 quod
1520 1882 1627 1942 eciam

340 1970 463 2032 multos
486 1971 547 2033 illi⁰
568 1970 736 2052 acquisivi.
762 1966 976 2049 Quapropter
1000 1971 1162 2050 ignoscite
1180 1968 1288 2045 michi,
1311 1978 1424 2048 patres
1441 1978 1473 2030 et
1490 1969 1627 2045 domini,

341 2060 506 2140 siquidem
530 2068 578 2121 et⁰
601 2061 736 2121 beatusp
757 2057 879 2121 Paulus
915 2057 1097 2137 apostolus
1133 2059 1253 2120 doctor
1287 2059 1451 2139 gencium,
1488 2061 1521 2119 in
1556 2061 1626 2137 epi·

340 2150 444 2210 stolaq
464 2148 507 2210 ad
538 2146 742 2211 Corinthiosr
778 2150 921 2229 inquit³z
961 2146 1073 2227 Loqui
1104 2146 1223 2227 linguis
1254 2147 1355 2209 nolite
1388 2147 1566 2227 prohibere
1592 2144 1623 2228 [1

340 2235 416 2300 Cor.
445 2240 494 2300 14.
519 2233 584 2321 39.)
610 2237 656 2300 At
681 2238 725 2300 illi
742 2235 815 2298 hect
842 2236 1018 2298 audientes
1042 2246 1075 2297 et
1098 2236 1302 2298 admirantes
1320 2238 1403 2298 tanti
1419 2236 1476 2297 viri
1500 2236 1627 2311 fidem,u

340 2329 542 2390 auctoritate
574 2347 634 2388 sua
664 2335 816 2388 statuunt
852 2334 885 2387 et
916 2326 1063 2387 firmantv
1091 2326 1337 2404 suprascriptox
1367 2345 1521 2388 sermone
1553 2345 1623 2403 par·

338 2417 429 2478 tibus
453 2418 486 2478 in
516 2415 578 2479 illis
611 2417 784 2478 missarum
818 2415 1016 2493 sollempnia
1044 2422 1227 2476 ceterasvey
1249 2416 1488 2476 canonicorum
1514 2416 1626 2476 horas²

339 2506 538 2585 ymnizari.aa

429 2595 505 2674 Ipse
520 2603 631 2655 autem
646 2586 990 2669 beatusbeuirilluscc
1005 2593 1085 2654 inibi
1099 2593 1276 2670 persistens
1293 2587 1627 2674 monachalemquedd

339 2684 520 2745 habitum⁶⁰
535 2684 726 2759 suscipiens,
739 2682 827 2743 diem
841 2680 960 2742 clausit
972 2690 1170 2755 extremum,
1184 2681 1373 2762 relinquens
1386 2701 1486 2760 supra
1499 2701 1626 2743 memo-

340 2776 419 2833 ratis
443 2776 475 2833 in
499 2772 649 2851 partibus
671 2770 807 2832 fratrem
825 2789 922 2832 suum
938 2771 1071 2833 nomine
1089 2769 1286 2846 Metudium,
1311 2774 1415 2833 virum
1433 2780 1627 2833 strennuum

338 2863 497 2942 omnique
522 2862 719 2923 decoratum
744 2862 929 2922 sanctitate.
964 2857 1030 2938 Qui
1055 2854 1115 2921 etff
1143 2869 1324 2941 postquam
1358 2861 1481 2921 multos
1505 2857 1625 2923 Christi

337 2950 497 3012 domini‘g
517 2949 705 3028 manipulos
737 2953 770 3011 in
793 2942 949 3011 horreohh
972 2959 1190 3031 congregarat
1221 2951 1263 3010 ab
1288 2950 1362 3028 ipso
1387 2952 1545 3028 principe,
1569 2953 1626 3030 qui

341 3043 491 3119 partibus
515 3042 549 3100 in
572 3039 633 3100 illis
656 3048 735 3100 tunc
761 3039 999 3100 dominabatur
1022 3047 1055 3098 et
1079 3039 1267 3117 imperabat
1292 3040 1443 3099 universe
1459 3047 1548 3101 terre
1565 3058 1627 3100 ceu

340 3129 535 3209 magnificus
560 3132 753 3205 imperator,
777 3129 932 3190 statuitur
956 3147 1106 3189 summus
1131 3122 1311 3204 pontifex,ii
1353 3126 1481 3189 habens
1507 3130 1567 3188 sub
1591 3148 1626 3189 se

338 3230 469 3297 septem
505 3218 655 3279 eiusdem
687 3219 871 3279 sanctitatis
908 3211 1128 3295 pontificesll‘
1146 3214 1215 3277 Sed
1239 3220 1316 3297 quia
1340 3218 1383 3278 ab
1407 3218 1480 3295 ipso
1513 3218 1628 3279 mundi

337 3302 508 3381 exordio,¹¹
539 3307 630 3368 vetiti
655 3316 833 3387 postquam
858 3307 1000 3384 sumpsit
1031 3307 1288 3368 amaritudinem
1320 3305 1628 3386 prothoplastusmm

340 3397 471 3475 pomi,¹¹¹¹
494 3397 705 3458 seminarium
730 3396 897 3457 discordie
925 3398 1010 3457 inter
1034 3395 1251 3457 humilitatem
1269 3404 1303 3456 et
1318 3396 1520 3473 superbiam,
1543 3397 1628 3457 inter

339 3485 557 3547 dileccionem
583 3501 616 3546 et
640 3484 754 3545 odium
779 3494 812 3545 et
836 3484 963 3565 reliqua
979 3487 1138 3547 virtutum
1164 3486 1384 3546 odoramenta
1401 3486 1629 3566 viciorumque

338 3573 488 3651 fetorem,
513 3575 651 3636 humani
667 3576 795 3655 generis
819 3576 973 3636 inimicus
997 3592 1102 3653 usque
1127 3574 1170 3635 ad
1197 3567 1228 3655 [f.
1246 3568 1316 3656 251³]
1336 3593 1473 3652 presens
1489 3572 1628 3635 fundere

338 3684 406 3725 non
423 3664 560 3739 desistit,
577 3670 647 3725 ac⁰⁰
663 3663 781 3725 dolens
802 3662 961 3741 populum
979 3663 1046 3724 suis
1063 3669 1226 3741 semperpp
1243 3664 1386 3725 serviciis
1403 3665 1629 3744 mancipatum

429 3818 455 3886 a)
477 3820 558 3872 Brev.
580 3821 679 3872 nema:
699 3835 758 3885 sap.
778 3826 815 3871 et.
845 3817 874 3888 b)
895 3820 978 3872 Brev.
1003 3820 1032 3871 in
1052 3819 1156 3889 lingua.
1182 3819 1208 3882 c)
1228 3820 1300 3886 Kap.
1328 3819 1516 3887 psalmigrafi;
1546 3821 1628 3873 Brev.

339 3892 542 3959 psalmigraphi
561 3907 686 3944 versum.
714 3891 745 3954 d)
764 3890 846 3942 Brev.
865 3892 894 3942 in
913 3891 1020 3944 medio.
1040 3894 1068 3955 e)
1088 3890 1142 3943 Un.
1161 3891 1374 3954 celebritatem,
1394 3891 1477 3943 Brev.
1497 3892 1629 3944 solennia

337 3962 542 4015 celebrantem.
574 3962 698 4028 f)Brev.
728 3962 879 4015 modulari.
908 3959 937 4031 g)
957 3962 1045 4014 Brev:
1071 3961 1101 4015 Si
1121 3962 1239 4032 quidem
1268 3962 1314 4014 vel
1342 3962 1371 4014 in
1396 3977 1432 4014 eo
1462 3962 1628 4031 quivissem.

340 4031 370 4096 h)
391 4032 471 4085 Brev.
491 4035 519 4085 in
540 4034 643 4101 lingua.
669 4032 689 4102 i)
709 4033 762 4087 Un.
783 4048 806 4085 a.
826 4032 908 4086 Brev,
928 4034 1104 4085 omnimodo.
1134 4031 1163 4100 k)
1182 4033 1266 4086 BreV.
1287 4034 1421 4102 zlrracujc
1442 4034 1525 4085 celou
1544 4034 1628 4088 vetut

338 4102 398 4156 Sed
418 4105 535 4157 omnino
554 4106 659 4158 idiotas
679 4111 709 4156 et
728 4105 845 4172 ignaros
856 4106 968 4157 viarum
983 4104 1093 4157 domini
1107 4106 1264 4172 reperiens.
1286 4103 1304 4173 l)
1325 4104 1406 4157 Brev.
1421 4105 1550 4158 dodava:
1571 4109 1628 4158 deo.

340 4185 377 4237 m)
398 4175 480 4227 Brev.
495 4176 624 4228 dodava:
645 4193 709 4229 meo.
729 4181 759 4238 n)
775 4176 855 4228 Brev.
869 4175 935 4227 deo.
954 4177 983 4240 o)
1003 4175 1030 4227 V
1043 4175 1117 4241 Kap.
1134 4176 1228 4243 chybi.
1249 4174 1278 4245 p)
1292 4177 1374 4228 Brev.
1388 4178 1479 4229 nema.
1500 4177 1530 4243 q)
1546 4177 1628 4228 Brev.

340 4245 469 4299 dodava:
490 4263 551 4299 sua.
572 4246 595 4314 r)
614 4246 668 4299 Un.
683 4246 877 4300 Chorinthios.
897 4248 922 4309 s)
942 4246 996 4300 Un.
1010 4247 1101 4299 iussit.
1122 4249 1144 4310 t)
1164 4248 1244 4300 Brev.
1264 4248 1356 4300 hema.
1377 4247 1407 4314 u)
1427 4248 1509 4299 Brev.
1524 4249 1628 4300 sancti-

338 4323 428 4368 tatem
448 4324 484 4369 et.
512 4321 541 4380 v)
560 4318 644 4371 Brev.
663 4325 827 4371 statuerunt
852 4324 882 4371 et
901 4317 1058 4371 firmarunt.
1087 4319 1119 4379 x)
1139 4317 1192 4370 Un.
1212 4319 1394 4384 supradicto;
1422 4318 1504 4374 Brev.
1525 4334 1630 4385 super·

339 4395 448 4441 notato.
476 4387 506 4458 y)
526 4389 609 4441 Brev.
628 4397 807 4458 ceterasque.
837 4399 862 4455 z)
882 4389 963 4443 Brev.
984 4389 1070 4441 horas
1095 4390 1256 4443 canonicas
1286 4389 1333 4457 aa)
1350 4389 1433 4442 BreV.
1455 4390 1628 4459 hymnizare.

340 4459 389 4526 bb)
409 4461 491 4513 Brev.
506 4462 597 4513 neme.
617 4462 660 4527 cc)
676 4461 758 4514 Brev.
773 4460 896 4528 Cyrillns
909 4462 937 4526 (l.
957 4460 1009 4514 ddi
1022 4461 1075 4513 Un.
1090 4462 1366 4528 monachicumque;
1386 4462 1466 4514 Brev.
1483 4462 1628 4515 monachi·

337 4546 414 4583 cum.
434 4531 479 4595 ee)
498 4531 580 4584 Brev.
600 4532 733 4585 dodavaz
754 4533 801 4585 ibi.
821 4532 854 4597 ft)
874 4531 957 4584 Brev.
972 4533 1067 4584 etiam.
1087 4530 1135 4600 gg)
1154 4533 1235 4584 BreV.
1248 4532 1309 4595 jen:
1331 4531 1454 4585 Christo.
1476 4532 1525 4601 hh)
1545 4535 1627 4586 Brev,

339 4603 431 4654 nema.
452 4603 483 4667 ii)
502 4603 589 4655 Brev:
610 4611 643 4655 ut
656 4619 677 4655 s.
693 4618 720 4669 p.
738 4604 827 4656 fieret.
848 4604 898 4669 kk)
918 4603 999 4654 Brev.
1013 4611 1124 4670 septem
1138 4604 1288 4669 pontifices
1308 4603 1438 4656 eiusdem
1458 4606 1627 4657 sanctitatis.

339 4672 370 4740 ll)
388 4674 470 4726 Brev.
490 4674 658 4741 primordio.
678 4676 746 4741 mm)
765 4673 819 4726 Un.
838 4674 1043 4741 protoplastus.
1065 4675 1113 4741 nn)
1133 4674 1216 4726 Brev.
1236 4682 1390 4742 postquam
1410 4682 1485 4741 prot.
1505 4677 1629 4742 sumpsit

338 4746 419 4797 vetiti
439 4760 525 4798 amar.
545 4746 631 4812 pomi.
651 4747 699 4814 oo)
719 4747 801 4801 Brev.
821 4747 914 4799 nema.
934 4745 984 4813 pp)
1002 4745 1030 4797 V
1049 4746 1103 4799 Un.
1124 4746 1218 4815 chybi.
