3917 5742
844 682 978 749 Kapitola
998 682 1105 735 sedma.
1567 689 1616 738 155

333 875 473 929 cunctos
498 866 558 928 sibi
575 863 797 927 familiaritate
823 864 1041 943 amiciciaque
1062 866 1192 926 iunctos
1217 865 1429 939 exosculans,
1453 866 1620 927 ultimum-

334 976 399 1037 que
423 955 496 1017 vale
520 955 653 1030 faciens,
678 953 848 1035 profectus
872 962 923 1015 est
948 954 1046 1014 armis
1070 955 1217 1015 munitus
1240 954 1327 1016 fidei.

424 1044 502 1123 Quo
527 1064 602 1106 curn
628 1045 840 1121 pervenisset,
856 1051 974 1104 cuncta
990 1042 1052 1103 sibi
1069 1042 1245 1121 dupliciter
1261 1052 1378 1121 parata
1395 1047 1524 1124 reperit,
1542 1063 1620 1106 con·

333 1135 453 1195 vivium
480 1134 606 1195 scilicet
622 1134 746 1215 ingenti
764 1151 840 1194 cum
856 1141 1031 1209 apparatu,
1049 1132 1340 1212 inimicorumque²
1355 1134 1496 1195 validam
1515 1154 1618 1194 arma·

333 1232 444 1285 torum
468 1222 676 1284 occultorum
712 1241 854 1283 manum.
895 1220 1086 1282 Ecclesiam
1126 1220 1249 1282 deinde
1282 1232 1409 1300 petens,
1445 1225 1621 1284 missarum

335 1307 555 1400 sollempniisb
595 1314 655 1373 rite
695 1312 847 1390 peractis
878 1310 944 1371 deo
985 1311 1173 1390 sanctisque
1213 1308 1335 1372 Cosme
1374 1322 1408 1373 et
1445 1312 1621 1387 Damian0‚

334 1421 476 1483 quorum
508 1400 624 1463 lestiva
649 1400 965 1461 anniversariorumc
988 1398 1176 1461 celebratur
1208 1399 1288 1477 dies,
1320 1412 1427 1462 semet
1453 1420 1622 1462 commen-

252 1571 254 1574 ·
335 1485 445 1564 dansd
474 1492 613 1552 domum
645 1490 786 1550 convivii
818 1488 1020 1551 letabundus
1052 1489 1244 1569 ingreditur.
1270 1487 1420 1570 Cumque
1452 1492 1518 1551 iam
1542 1492 1621 1552 resi·

334 1580 490 1641 dencium
515 1579 619 1641 corda
643 1578 898 1655 malivolorum,e
935 1572 1027 1639 olimf
1053 1575 1173 1639 infecta
1212 1577 1286 1639 felle
1322 1579 1503 1652 homicidii,
1539 1580 1620 1642 cibis
1642 1590 1757 1652 Fontes,

336 1669 538 1748 potibusque
573 1667 822 1741 incalescerent,
865 1668 1099 1728 absconditum
1139 1666 1306 1746 paulisper
1341 1670 1470 1748 aperire
1505 1667 1622 1730 vulnus
1651 1664 1750 1727 1,217.

336 1765 480 1837 cepere.g
494 1758 673 1820 Mucrones
689 1757 855 1836 siquidem
871 1765 1041 1835 gestantes
1061 1756 1123 1817 sub
1140 1758 1316 1819 amictibus
1334 1768 1412 1837 post
1427 1766 1621 1839 tergumque

336 1842 491 1909 eosdemh
519 1845 735 1921 occultantes
760 1865 893 1924 semper
916 1846 959 1907 de
985 1846 1107 1907 ictibus
1130 1847 1340 1920 meditantes,
1365 1857 1415 1908 ter
1438 1866 1631 1924 surrexere,

335 1946 454 2016 terque
477 1930 672 1998 identidemi
708 1934 872 2012 resedere,
903 1936 1126 2016 gubernatore
1151 1935 1217 1997 deo
1242 1930 1353 2014 patrek
1381 1936 1462 1999 illud
1486 1956 1545 1997 eos
1570 1956 1622 1996 ve·

335 2019 446 2101 tante,l
482 2029 530 2087 uti
553 2024 666 2086 forsan
698 2028 881 2087 crastinum
913 2023 1122 2086 sanctificare
1154 2033 1293 2103 optante
1325 2027 1422 2099 diem,
1447 2046 1466 2086 a
1490 2025 1621 2086 sollem-

337 2119 447 2193 pniism
461 2124 645 2176 vacantem.
670 2111 813 2175 Sanctus
838 2117 937 2195 igitur
962 2112 1144 2174 bachantes
1162 2132 1301 2174 cernens
1318 2118 1418 2193 ipsos,
1437 2113 1623 2194 intrepidus

337 2207 527 2282 persistens
552 2222 702 2265 mensam
727 2206 927 2282 quantocius
952 2201 1127 2263 sustollere
1152 2202 1359 2265 acceleravit.
1385 2200 1621 2265 Secedentem-

336 2313 401 2374 que
437 2293 606 2373 paulisper
637 2292 712 2353 loco
748 2312 767 2352 a
798 2295 941 2354 convivii
974 2294 1159 2353 amicorum
1191 2295 1293 2371 ipsius
1330 2300 1414 2354 unu's
1446 2292 1623 2373 agreditur,

336 2386 507 2463 inquiens:
531 2381 664 2461 Equum
689 2400 833 2460 preparo
856 2400 898 2441 en
915 2383 977 2443 tibi
1001 2380 1141 2457 occulte,
1166 2401 1234 2460 quo
1260 2400 1399 2444 ascenso
1423 2384 1623 2461 quantocius

337 2473 380 2533 ab
405 2471 469 2533 hiis
502 2471 683 2545 discedere,
716 2474 762 2531 mi
794 2470 937 2542 domine,
968 2477 1114 2548 tempta;
1148 2473 1297 2532 imminet
1324 2474 1412 2532 enim
1437 2490 1528 2532 mors
1551 2473 1622 2532 tibi.

338 2560 401 2624 Cui
424 2580 486 2620 nec
519 2559 561 2620 ad
595 2568 753 2637 punctum
787 2562 1014 2638 acquiescens,
1040 2567 1168 2620 rursus¹¹
1196 2559 1305 2621 locum
1331 2564 1473 2622 convivii
1497 2568 1623 2637 petens,

338 2651 442 2711 calice
467 2657 618 2727 accepte,
642 2648 778 2728 pocula⁰
807 2667 921 2709 coram
938 2667 994 2709 om
1014 2640 1044 2728 [f.
1063 2642 1132 2729 322]
1151 2649 1249 2711 nibus
1274 2656 1440 2728 portansp
1456 2650 1522 2710 alta
1548 2668 1623 2726 pro-

338 2738 425 2800 fatur
448 2756 545 2798 voce:
584 2738 620 2797 ln
645 2741 780 2799 nomine
813 2737 903 2798 beati
931 2737 1124 2818 archangeli
1156 2737 1331 2799 Michaelis
1355 2737 1510 2800 bibamus
1535 2738 1623 2799 hunc

339 2828 486 2900 calicem,
512 2834 647 2887 orantes
679 2835 712 2887 et
736 2826 966 2903 deprecantes,
992 2829 1120 2887 animas
1145 2834 1230 2905 quoq
1255 2836 1387 2888 nostras
1411 2826 1622 2888 introducere

339 2917 494 2997 dignetur
517 2935 606 2977 nunc
638 2919 671 2977 in
696 2934 813 2993 pacem
846 2914 1070 2976 exultacionis
1103 2924 1273 2993 perpetue.
1314 2913 1376 2978 Cui
1401 2935 1476 2977 cum
1500 2920 1623 2995 quique

338 3005 454 3066 fideles
486 3005 751 3082 respondissent:
788 3024 894 3077 amen,
930 3005 1052 3066 hausto
1093 3013 1174 3080 potu
1199 3009 1372 3067 universos
1403 3004 1624 3081 deosculanS,r

340 3094 528 3173 hospicium
561 3096 681 3173 repetit
713 3101 746 3154 et
778 3094 929 3155 membra
961 3092 1201 3157 delicatissima
1233 3098 1338 3174 quieti
1369 3094 1551 3175 indulgens
1584 3113 1623 3155 ac

339 3183 405 3245 deo
441 3191 536 3258 teste,
568 3186 722 3260 precibus
754 3192 788 3243 et
819 3181 1017 3260 psalmodiis
1053 3184 1110 3244 diu
1145 3186 1308 3259 insistens,
1344 3183 1481 3244 tandem
1517 3182 1625 3244 fessus

362 3276 474 3334 u'evit.

339 3292 396 3353 q1
429 3361 574 3423 Advenit
597 3370 631 3421 et
654 3369 788 3439 tempus
812 3360 1103 3422 celebrandarums
1127 3361 1320 3441 vigiliarum,
1351 3361 1472 3441 quibus
1505 3361 1624 3421 beatus

340 3451 395 3526 vir,
420 3460 456 3511 ut
481 3468 622 3527 semper,
658 3450 798 3512 devotus
835 3449 989 3511 interfuit.
1030 3448 1120 3512 Sane
1142 3450 1175 3510 in
1199 3460 1330 3512 tantum
1366 3451 1625 3513 sancta'anima

340 3540 516 3601 christiane
555 3538 715 3614 religionit
750 3548 783 3599 et
815 3540 1032 3601 ecclesiastici
1071 3542 1235 3617 propositi
1275 3541 1377 3620 vigori
1417 3539 1557 3612 favebat,
1588 3547 1625 3599 ut

339 3629 447 3709 quodu
470 3626 788 3708 perfectissimorum
813 3628 1056 3690 monachorum
1089 3628 1229 3690 dicimus
1254 3648 1327 3690 esse
1352 3629 1486 3709 insigne,
1518 3638 1624 3689 totam

339 3719 457 3779 veteris
492 3720 681 3779 testamenti
717 3718 889 3779 historiam
912 3719 945 3778 in
969 3718 1049 3795 ipsis
1073 3718 1187 3797 vigiliis
1223 3737 1336 3778 coram
1368 3738 1404 3779 se
1428 3718 1538 3798 legere
1563 3737 1625 3778 suo

338 3816 492 3885 ternpore
515 3827 595 3868 suos
619 3806 842 3885 compelleret.
867 3804 936 3867 Sed
953 3817 987 3866 et
1003 3806 1223 3868 sacrosanctis
1240 3806 1368 3882 diebus,
1385 3813 1527 3885 paschev
1548 3806 1624 3866 dico

339 3908 372 3957 et
389 3897 630 3975 penthecosten
655 3896 811 3973 sabbatis,
836 3896 972 3976 quando
998 3896 1163 3974 baptisma
1187 3895 1340 3975 generale
1365 3895 1525 3957 celebrari
1542 3895 1627 3956 solet

339 3990 371 4047 in
407 3996 522 4047 sancta
565 3986 618 4046 dei
654 3985 803 4058 ecclesia,
841 3994 878 4046 ut
913 3985 1029 4046 nichilx
1052 4004 1095 4045 ex
1134 3985 1203 4059 hiis,
1243 4004 1309 4065 que
1348 3984 1401 4045 dei
1441 3993 1526 4058 sunt,
1565 3984 1625 4043 sibi

340 4076 496 4148 deesset,y
518 4075 545 4137 si
560 4074 686 4152 parvuli
710 4074 958 4135 scrutiniorumz
980 4082 1132 4152 tempore
1149 4092 1216 4135 non
1234 4073 1483 4135 inveniebantur
1517 4074 1625 4134 mitte-

340 4165 397 4225 bat
421 4166 464 4225 ad
488 4163 606 4240 forum,
630 4173 664 4224 et
687 4182 819 4242 pueros,
850 4172 1017 4243 quotquot
1041 4163 1173 4225 venales
1198 4182 1316 4224 manus
1340 4163 1512 4224 vendentis
1541 4170 1625 4223 attu-

428 4376 456 4440 a)
476 4374 530 4427 Un.
558 4374 790 4439 multorumque,
816 4373 869 4426 Un.
889 4374 916 4427 b.
936 4373 1076 4441 opravuje
1105 4388 1143 4437 po
1169 4372 1267 4425 strand
1292 4370 1482 4425 inimicorum.
1516 4371 1545 4438 b)
1571 4370 1627 4423 Un,

339 4447 513 4513 solempniis.
545 4447 572 4508 c)
598 4444 651 4497 Un.
679 4445 928 4497 aniversariorum.
957 4444 987 4512 d)
1014 4443 1067 4495 Un.
1094 4444 1279 4497 comendans.
1307 4445 1335 4505 e)
1361 4442 1414 4495 Un.
1440 4442 1625 4507 malivorum;

340 4518 391 4571 Un.
406 4520 431 4571 b.
448 4519 643 4587 malignorum.
663 4513 685 4574 l)
698 4513 752 4568 Un.
773 4518 857 4585 olym.
877 4517 905 4585 g)
925 4515 980 4571 Un.
1000 4530 1132 4582 ceppere·
1153 4516 1182 4579 h)
1202 4514 1256 4566 Un.
1276 4514 1398 4576 eisdem;
1420 4514 1473 4566 Un.
1494 4513 1520 4566 b.
1534 4514 1626 4566 isdem

339 4589 520 4641 osculantes!
541 4589 560 4641 il
580 4588 634 4640 Un.
655 4586 844 4652 idemptidem
883 4589 913 4652 k)
933 4587 1004 4653 Kap.
1025 4595 1145 4652 patrare.
1166 4587 1184 4653 l)
1205 4589 1255 4637 Un.
1276 4593 1430 4637 vetantem.
1450 4582 1489 4653 m)
1508 4583 1561 4638 Un.
1582 4600 1626 4637 so·

340 4662 478 4728 lempniis.
494 4660 523 4727 n)
537 4660 590 4711 Un.
604 4674 726 4711 rursum.
746 4659 775 4727 o)
789 4660 860 4727 Kap.
876 4661 1016 4725 precaria.
1030 4660 1059 4725 p)
1073 4657 1171 4725 Rkpy:
1191 4665 1303 4723 potans.
1324 4654 1353 4725 q)
1367 4656 1420 4708 Un.
1434 4671 1494 4722 quo
1507 4657 1626 4707 animas.

340 4736 364 4795 r)
384 4732 436 4783 Un.
456 4732 637 4785 exosculans.
657 4734 682 4793 s)
696 4728 768 4797 Kap.
782 4731 997 4783 celebrandum.
1017 4731 1039 4797 t)
1053 4730 1116 4797 Kap
1139 4729 1292 4798 religionis.
1312 4727 1342 4797 u)
1355 4728 1409 4781 Un.
1423 4735 1503 4795 quot.
1523 4731 1552 4789 v)
1571 4726 1625 4778 Un.

340 4819 434 4870 pasce.
454 4804 484 4872 x)
505 4804 557 4856 Un.
576 4803 622 4855 nil.
643 4804 672 4871 y)
695 4800 748 4856 bn.
769 4804 914 4856 deessent.
934 4801 960 4871 z)
980 4801 1032 4855 Un.
1052 4801 1265 4853 servitinorum.
