3917 5742
392 687 443 738 162
751 683 774 751 J.
795 680 900 735 Pekai:
919 681 1058 751 Nejstarsi
1077 681 1199 735 kronika
1218 680 1314 735 deska.

392 864 483 946 quod
505 872 601 944 prae²
617 863 772 926 manibus
797 863 968 940 habemus,
992 864 1130 926 domino
1147 882 1207 925 suo
1232 883 1276 924 ex
1294 862 1356 925 hac
1372 865 1534 943 migrante
1551 866 1618 925 vita
1635 861 1681 924 ad

393 950 570 1025 Christum,
588 962 670 1032 aput
685 952 916 1015 Theutonicos
933 951 1011 1035 iuga
1028 953 1153 1028 labens,
1170 952 1229 1014 diu
1246 952 1402 1013 exulatus
1419 960 1478 1013 est.
1496 953 1576 1014 Post
1592 971 1682 1026 vern,

393 1051 485 1104 ratus
509 1062 628 1120 pacem
652 1042 819 1104 redditam
837 1045 951 1121 patrie,
976 1043 1018 1104 ad
1038 1061 1099 1103 sua
1115 1060 1275 1118 reversus,
1291 1044 1455 1120 temporis
1471 1042 1682 1120 aliquantum

394 1135 426 1194 in
457 1134 602 1211 propriis
633 1131 754 1213 deguit,
788 1130 845 1193 diu
877 1150 950 1191 sese
975 1130 1158 1193 occultans.
1191 1126 1258 1208 Qui
1289 1149 1356 1210 quo
1389 1134 1512 1192 amoris
1542 1128 1681 1203 fervore,

392 1240 459 1301 qua
482 1220 560 1283 fidei
585 1223 775 1299 integritate
799 1219 973 1281 dominum
998 1239 1104 1294 suum,
1129 1219 1210 1281 dum
1233 1222 1372 1294 vixerat,
1397 1217 1526 1294 dilexit,
1552 1214 1586 1301 [f.
1605 1212 1678 1301 34b]
1758 1255 1761 1262 ,

392 1310 547 1383 dicerem,
575 1312 671 1371 sires
695 1312 778 1389 ipsa,
795 1327 897 1388 quam
921 1309 1066 1371 scribere
1090 1312 1199 1387 cupio,
1217 1311 1299 1371 satis
1324 1308 1438 1370 indicii
1462 1328 1530 1370 non
1553 1307 1680 1370 fuisset.

484 1414 549 1477 Hic
573 1414 721 1495 quadarn
745 1413 876 1476 dierum
900 1433 1016 1477 secum
1041 1414 1201 1490 dolorem,
1225 1433 1335 1495 quem,
1359 1434 1404 1475 ex
1427 1434 1495 1495 quo
1512 1418 1681 1478 seniorem

392 1524 490 1568 suum
507 1504 707 1583 perdiderat,
725 1499 852 1566 menteb
877 1505 1050 1578 habuerat,
1065 1505 1180 1567 durius
1192 1505 1292 1566 solito
1306 1504 1487 1580 revolvens,
1505 1522 1681 1566 assumens

392 1594 549 1676 gladium,
573 1593 616 1654 ad
634 1593 773 1654 domum
797 1594 974 1655 cuiusdam
998 1592 1137 1655 festinus
1161 1602 1329 1673 properat,
1353 1612 1454 1672 quem
1478 1602 1581 1672 caput
1605 1612 1679 1671 per-

393 1701 492 1746 suase
527 1685 618 1745 necis
650 1689 767 1744 contra
798 1690 952 1744 sanctum
986 1682 1222 1744 Wenceslaum
1253 1684 1448 1744 coniurasse
1484 1690 1623 1744 noverat
1647 1688 1681 1743 et

394 1775 488 1834 cuius
511 1771 667 1833 manibus
691 1773 835 1834 eundem
868 1773 1005 1832 beatum
1037 1769 1245 1834 intersectum
1276 1774 1435 1851 precipue
1466 1773 1604 1834 sciebat.
1637 1770 1681 1831 Et

393 1864 538 1938 veniens,
562 1864 687 1923 invenit
711 1879 788 1922 eum
808 1863 841 1921 in
859 1880 936 1921 asso
962 1860 1093 1937 balneo,
1125 1861 1216 1940 quod
1241 1860 1411 1939 popularic
1435 1858 1548 1941 lingua
1581 1865 1681 1921 stuba

393 1957 540 2023 vocatur,
561 1950 820 2011 recumbentem.
845 1946 913 2011 Sed
932 1949 993 2022 ille,
1012 1948 1099 2011 hunc
1115 1952 1304 2011 venientem
1321 1950 1445 2023 videns,
1463 1968 1556 2011 more
1572 1951 1681 2031 gentis

394 2038 539 2100 salutare
563 2041 700 2114 curavit,
725 2038 858 2100 dicens:
882 2036 1038 2111 Salveris,
1063 2041 1178 2111 amice,
1202 2040 1348 2100 salveris.
1375 2036 1441 2100 Hic
1465 2058 1552 2113 vero,
1585 2040 1681 2099 cuius

393 2127 570 2207 precordia
587 2127 685 2189 dolor
700 2135 896 2202 excoxerat,
920 2135 1073 2188 econtra
1091 2128 1282 2205 respondit:
1303 2126 1377 2188 Mee
1394 2127 1511 2189 salutis
1529 2130 1682 2207 provisor

394 2218 478 2278 deus
502 2215 619 2291 aderit,
643 2225 679 2278 tu
697 2236 774 2278 vero
792 2215 914 2279 abhinc
939 2220 1031 2278 omni
1055 2216 1161 2278 salute
1179 2220 1328 2296 privatus
1352 2224 1385 2277 et
1412 2219 1446 2278 in
1461 2225 1521 2277 tuo
1539 2224 1681 2295 peccato

394 2307 547 2381 moriens¹
573 2308 606 2367 in
630 2313 781 2367 eternum
806 2305 939 2384 peribis.
981 2304 1024 2366 Et
1049 2324 1193 2379 erruens,
1226 2304 1391 2367 interfecit
1427 2325 1504 2366 eum
1535 2314 1569 2367 et
1604 2303 1681 2387 iuge

394 2395 543 2474 presidio
567 2414 706 2473 sperans
737 2414 772 2457 se
805 2413 905 2474 posse
941 2394 1068 2470 salvari,
1101 2392 1240 2456 festinus
1264 2395 1387 2456 exibat,
1425 2394 1469 2456 Et
1493 2394 1609 2457 silvam
1634 2397 1683 2456 in·

393 2503 535 2565 gressuS,
550 2482 630 2546 dum
642 2486 709 2546 iam
723 2502 859 2545 securus
873 2484 1079 2562 procederet,
1095 2503 1186 2545 mors
1203 2483 1315 2545 militis
1333 2492 1366 2545 et
1382 2482 1507 2546 lactum
1520 2486 1682 2545 occisoris

394 2571 563 2636 fratricide
588 2574 633 2635 illi
657 2576 842 2634 nunciatur.
870 2572 913 2634 Et
929 2593 1012 2634 mox
1029 2576 1111 2652 ipsis
1135 2572 1383 2652 apparitoribus
1407 2573 1524 2635 silvam
1540 2576 1681 2634 circum-

395 2661 468 2724 dari
492 2661 578 2737 fecit,
603 2670 636 2722 et
660 2659 749 2723 illico
774 2662 1045 2741 comprehensus,
1072 2663 1192 2741 laqueo
1221 2680 1390 2740 appensus
1415 2670 1475 2723 est.

485 2767 622 2830 Grande
647 2768 772 2849 aliquid
798 2768 956 2845 dicturus,
980 2766 1088 2830 fateor
1112 2788 1173 2847 pro
1198 2772 1249 2830 sui
1269 2768 1500 2850 magnitudine
1523 2788 1576 2830 me
1601 2768 1682 2830 deli·

395 2858 538 2934 berasse,
564 2866 600 2919 ut
623 2858 764 2932 silerem,
789 2858 847 2919 sed
866 2878 926 2919 ora
943 2856 1160 2935 plurimorum
1184 2860 1366 2919 sciencium
1382 2857 1443 2919 hec
1460 2856 1534 2919 luce
1551 2856 1681 2931 clarius,

396 2949 475 3027 quia
500 2949 704 3009 incessanter
728 2947 911 3023 predicant,
942 2966 996 3009 me
1020 2946 1116 3009 silere
1148 2946 1322 3027 indignum
1354 2950 1477 3025 putavi.
1519 2946 1683 3024 Pependit

396 3037 443 3097 ibi
466 3038 573 3097 tribus
598 3038 710 3110 annis;
739 3055 807 3097 non
831 3040 909 3111 avis,
945 3055 1012 3097 non
1037 3038 1154 3109 bestia,
1191 3055 1259 3097 non
1290 3039 1363 3114 ipsa
1395 3036 1540 3097 humane
1572 3038 1683 3097 carnis

396 3120 604 3204 assumpciod
629 3131 662 3185 et
679 3124 822 3203 putredo
848 3129 1040 3204 incorpore
1065 3128 1136 3187 eius
1161 3123 1332 3203 prevaluit,
1357 3124 1416 3187 sed
1434 3144 1527 3186 more
1543 3128 1683 3187 viventis

397 3231 524 3296 ungues
550 3222 583 3276 et
606 3214 712 3274 barba
736 3217 884 3276 excrevit
915 3222 949 3276 et
972 3214 1084 3293 capilli
1109 3217 1180 3275 eius
1205 3232 1310 3292 usque
1335 3213 1378 3275 ad
1403 3233 1568 3275 summam
1592 3217 1682 3276 cani·

397 3306 483 3365 ciem
511 3304 578 3366 albi
601 3302 713 3364 eflecti
744 3311 830 3364 sunt.
862 3301 1017 3365 Tandem
1048 3302 1141 3365 tedio
1174 3306 1279 3365 victus
1305 3302 1358 3364 ille
1390 3302 1570 3375 fratricida,
1603 3306 1683 3381 quia

397 3393 594 3453 miraculum
618 3391 760 3454 dominie
783 3392 839 3453 ubi
863 3395 911 3454 vis
935 3394 1091 3472 gencium
1116 3390 1359 3468 declarabatur,
1401 3396 1436 3461 in
1460 3392 1583 3453 eodem
1607 3392 1683 3453 loco

398 3499 474 3542 eum
500 3481 600 3541 humo
625 3483 793 3559 cooperiri
817 3480 904 3543 lecit.
928 3478 997 3543 Sed
1021 3501 1084 3543 nec
1108 3483 1154 3543 ita
1179 3500 1281 3559 opera
1313 3481 1369 3544 dei
1397 3481 1561 3543 abscondi
1586 3490 1682 3559 potu·

398 3577 502 3642 erunt,
526 3571 606 3649 quin
631 3570 673 3630 ad
691 3568 936 3633 manifestanda
960 3570 1094 3649 populis
1111 3573 1162 3632 sui
1178 3573 1264 3632 servi
1280 3575 1407 3647 merita,
1431 3571 1543 3632 lumen
1560 3569 1683 3632 celeste

398 3667 499 3719 noctu
523 3677 543 3718 a
566 3660 815 3721 transeuntibus
848 3658 1116 3738 frequentissime
1148 3678 1247 3738 super
1280 3659 1494 3737 sepulchrum
1526 3663 1597 3721 eius
1629 3678 1682 3720 ac·

397 3765 534 3809 censum
570 3747 746 3809 videretur.
782 3747 867 3809 Tam
899 3749 956 3810 diu
989 3750 1053 3811 hoc
1085 3757 1197 3810 actum
1221 3755 1280 3824 est,
1315 3748 1424 3810 donec
1459 3750 1684 3828 undecunque

399 3836 625 3910 advenientes,
657 3836 798 3899 donaria
823 3836 941 3899 offerre
974 3841 1159 3916 inciperent
1190 3846 1224 3898 et
1259 3857 1360 3916 supra
1383 3840 1537 3900 tumbam
1561 3836 1684 3918 sepulti

399 3925 593 3988 devocionis
617 3945 676 3987 sue
700 3945 839 3988 munera
863 3926 983 3988 darent
1007 3934 1040 3987 et
1064 3930 1128 3989 vite
1152 3947 1211 3988 sue
1228 3928 1408 3989 commoda
1436 3928 1501 3989 deo
1519 3936 1552 3988 et
1569 3930 1683 3989 occiso

399 4013 443 4077 illi
467 4017 723 4077 committerent.
760 4014 840 4075 Post
871 4014 1011 4076 multum
1037 4018 1198 4095 temporis
1235 4019 1294 4079 viri
1330 4016 1416 4079 illius
1448 4036 1492 4078 ex
1525 4016 1600 4078 loco
1626 4015 1683 4078 illo

398 4101 568 4165 sublatum
603 4112 655 4165 est
689 4122 811 4182 corpus
846 4112 879 4164 et
914 4105 1112 4166 translatum
1148 4124 1224 4167 cum
1255 4106 1441 4168 devocione
1477 4106 1684 4180 clericorum,

399 4195 543 4254 virorum
567 4193 809 4272 mulierumque
834 4192 1039 4269 devotarum,
1064 4203 1096 4255 et
1120 4198 1266 4273 positum
1295 4198 1327 4256 in
1352 4198 1516 4257 cimiterio
1542 4194 1683 4256 ecclesie

398 4283 504 4343 sancti
531 4280 609 4356 Viti,
635 4284 681 4344 ita
705 4290 742 4343 ut
765 4291 901 4344 sanctus
925 4282 1145 4345 Wenceslaus
1162 4287 1194 4346 in
1211 4284 1352 4345 ecclesia
1377 4283 1514 4364 quidem
1538 4292 1571 4345 et
1587 4283 1683 4345 miles

399 4364 465 4433 illef
486 4368 567 4432 loris
592 4374 730 4448 positus,
755 4371 827 4432 sola
851 4375 998 4434 maceria
1022 4372 1221 4435 dividantur.

399 4510 430 4518 ι-
439 4511 443 4516 -
453 4511 612 4519 -...-----

505 4577 533 4647 a)
554 4578 623 4632 Prae
643 4596 660 4632 v
680 4580 755 4646 rkpu
775 4581 850 4633 neni.
879 4580 1029 4646 uoprneno
1049 4597 1081 4634 ze
1100 4582 1208 4649 smyslu
1229 4581 1316 4647 podle
1335 4581 1364 4634 P.
1386 4583 1539 4634 Athanase.
1559 4581 1589 4647 b)
1609 4580 1683 4649 Kap.

399 4657 511 4717 mente3
542 4651 569 4702 in
595 4667 696 4720 marg:
729 4653 813 4705 »alias
839 4653 959 4705 meriti«.
985 4652 1011 4719 c)
1031 4652 1104 4717 Rkp.
1125 4655 1185 4705 ma:
1206 4652 1322 4719 prelari;
1350 4655 1377 4706 in
1398 4668 1498 4721 marg:
1524 4653 1594 4707 alias
1617 4669 1682 4719 ›po-

397 4721 514 4788 putari«.
536 4720 566 4788 d)
587 4722 614 4775 P.
635 4724 765 4776 Athenas
786 4724 840 4775 zde
859 4724 1013 4791 opravuje:
1040 4724 1231 4789 consumptio.
1258 4724 1285 4792 e)
1305 4725 1378 4792 Rkp.
1405 4725 1500 4787 deum,
1527 4740 1565 4793 po
1584 4724 1683 4777 strand

398 4807 459 4860 opr.
480 4793 637 4846 dominum.
657 4794 678 4859 i)
699 4794 772 4861 Rkp.
793 4794 838 4846 illi.
