3917 5742
315 677 367 727 150
672 674 695 742 J.
714 673 819 727 Pekai:
838 673 978 742 Neistarii
997 672 1124 726 kronika
1144 670 1238 724 desire.

170 865 287 934 Fontes,
313 852 381 932 Qui
405 854 516 916 divine
540 852 620 935 legis
644 858 766 934 scripta
798 855 1031 934 perlustrans,²
1055 853 1240 916 secundum
1265 852 1379 914 datam
1403 852 1468 914 sibi
1491 872 1510 913 a
1534 851 1603 915 deo

180 942 199 1005 l,
220 946 282 997 213.
313 937 536 1023 sapienciamb
559 946 591 1005 in
617 946 787 1022 responsis
820 944 881 1006 hec
914 945 1004 1006 dicta
1039 942 1219 1016 mandavit,
1251 942 1379 1004 scilicet
1409 949 1446 1003 ut
1469 961 1603 1023 corpus,

314 1035 449 1095 inicium
486 1035 528 1094 ab
560 1035 632 1112 ipso
667 1034 811 1095 exordio
847 1033 1070 1113 prothoplasti
1106 1051 1249 1108 sumens,
1284 1034 1339 1093 cui
1374 1032 1499 1093 dictum
1534 1040 1602 1094 est:

314 1120 419 1183 Terra
452 1133 545 1184 eset
570 1126 601 1183 in
633 1131 756 1184 terram
785 1124 856 1196 ibis,
890 1123 997 1202 pulvis
1028 1140 1064 1182 es
1096 1132 1129 1183 et
1161 1122 1190 1182 in
1224 1120 1394 1199 pulverem
1428 1122 1602 1183 reverteris

316 1206 411 1294 [Gen.
438 1212 476 1286 3.,
504 1204 576 1293 19.)
602 1213 771 1291 sepulture
796 1211 968 1286 traderet,c
1005 1211 1146 1292 gloriam
1171 1207 1296 1271 Christi
1316 1211 1425 1272 donec
1442 1220 1602 1272 cerneret.

315 1300 513 1381 Ingentique
549 1300 620 1361 zelo
657 1301 770 1363 divino
809 1320 971 1363 accensus
1011 1300 1166 1380 princeps
1209 1297 1376 1379 prefatum
1420 1300 1602 1361 antistitem

314 1388 426 1450 humili
452 1409 550 1468 prece
575 1394 735 1464 exoravit,
761 1409 867 1468 usque
884 1392 926 1453 ad
944 1408 980 1451 se
998 1389 1191 1470 dignaretur
1215 1381 1389 1469 quatinusd
1412 1390 1538 1448 venire‘
1561 1407 1602 1450 ac

314 1497 438 1555 corpus
461 1480 532 1556 ipse
557 1479 725 1557 sepulture
743 1479 838 1541 daret
855 1480 1104 1558 basilicamque,
1129 1478 1238 1540 adhuc
1255 1471 1332 1558 quef
1360 1477 1603 1540 benediccione

315 1567 497 1646 pontificali
521 1570 667 1641 carebat,
701 1569 881 1631 dedicaret.
921 1566 986 1646 Qui
1017 1568 1169 1629 simulata
1202 1567 1391 1628 infirmitate
1422 1567 1603 1629 senectutis

314 1659 360 1717 ire
378 1676 445 1717 non
471 1656 669 1733 prevalens,g
692 1659 932 1740 coepiscopum
956 1677 1053 1720 suum
1080 1676 1155 1717 cum
1171 1656 1383 1736 aliquantulis
1407 1655 1603 1718 clericorum

315 1739 441 1808 choris¹¹
465 1741 634 1828 allegavit,i
653 1742 737 1825 quok
759 1747 933 1809 ecclesiam
947 1747 1090 1808 eandem
1105 1739 1295 1807 dedicaret.¹
1315 1744 1603 1824 Adveniensque¹¹¹

315 1836 346 1896 in
383 1836 495 1912 primis
529 1836 690 1914 templum
727 1838 865 1899 domino
906 1837 1122 1898 consecravit.
1159 1834 1238 1896 Post
1272 1835 1348 1897 hinc
1384 1853 1445 1895 sex
1480 1832 1604 1911 elapsis

315 1925 444 1986 dierum
469 1924 600 1986 circulis
624 1944 724 2004 supra
749 1926 853 1987 fatum
869 1926 1107 2003 corpusculum
1131 1922 1307 1985 tumulavit
1330 1922 1451 1985 eodem
1468 1923 1501 1983 in
1518 1921 1604 1999 loco,

316 2021 399 2093 qu0¹¹
420 2032 505 2093 aqua
530 2014 757 2076 inundaverat.
787 2014 870 2075 Mira
888 2024 988 2094 atque
1005 2015 1047 2075 ad
1064 2011 1185 2077 Christi
1203 2011 1340 2074 samule⁰
1362 2011 1603 2073 declarandum

315 2103 467 2164 meritum
492 2100 660 2164 sufficiens
685 2111 763 2176 res,p
786 2104 941 2166 videlicet
964 2104 1057 2183 quod
1082 2101 1323 2177 sacerdotibus,
1347 2102 1378 2162 in
1404 2121 1470 2163 non
1487 2118 1602 2163 conse·

317 2198 427 2253 eratoq
441 2192 653 2268 cupientibus
670 2212 742 2254 eam
758 2194 924 2254 tumulare
949 2192 1047 2266 l0c0,r
1070 2211 1156 2272 aqua
1182 2201 1301 2252 exorta
1322 2200 1381 2265 est,
1405 2190 1604 2252 adveniente

315 2300 393 2342 vero
412 2282 615 2360 coepiscopo
633 2289 840 2362 sacrataques
869 2281 1011 2355 basilica,
1033 2280 1181 2343 funditus
1205 2281 1294 2341 hautt
1315 2280 1493 2359 apparuit.¹¹
1516 2276 1604 2341 Con·

315 2389 396 2452 grue
414 2371 501 2442 satis
520 2380 556 2432 ut
571 2389 636 2451 que
654 2369 755 2431 ieliciv
767 2372 1033 2433 conversacionis
1050 2391 1109 2432 sue
1125 2372 1190 2431 vita
1207 2368 1386 2447 fruebatur,
1403 2367 1538 2430 feliciter
1556 2377 1605 2430 et³t

317 2478 392 2520 cum
417 2459 659 2521 benediccione
683 2461 799 2522 maiori
827 2461 1030 2534 sepeliretur,
1066 2480 1132 2540 que
1155 2478 1231 2521 cum
1255 2461 1378 2521 sanctis
1412 2458 1455 2519 ad
1479 2454 1604 2521 Christi

317 2547 458 2610 locanda
471 2560 543 2609 erat
555 2549 737 2610 dextram.y
753 2549 826 2610 Rite
845 2549 905 2612 hiis
922 2552 1047 2629 itaque²
1063 2551 1216 2625 peractis,
1230 2548 1480 2626 coepiscopus²a
1493 2565 1604 2608 remu·

317 2647 459 2710 neratus‚
483 2647 519 2698 ut
543 2638 681 2720 dignum
706 2636 822 2712 fuerat,
848 2642 1033 2718 aprincipe
1058 2639 1200 2718 propria,
1225 2631 1381 2716 petivit.bb

407 2725 641 2787 Anniversario
659 2736 771 2789 autem
788 2728 858 2788 eius
875 2728 1027 2790 volvente
1041 2728 1095 2789 die
1112 2736 1189 2805 post
1201 2725 1458 2788 translacionem
1472 2726 1606 2804 ipsiuscc

317 2814 414 2897 glebe
447 2835 551 2890 sacre,
576 2816 619 2877 ad
643 2816 783 2896 gloriam
815 2818 957 2879 nominis
981 2818 1029 2878 sui
1056 2816 1157 2879 etad
1182 2816 1422 2878 declarandum
1447 2817 1604 2876 meritum

316 2910 529 2920 ——ae—

316 2937 457 3003 predicto
487 2936 557 2989 Bod.
583 2938 629 2990 rna
654 2938 738 2990 celou
764 2937 846 2990 vetu:
876 2938 1015 3005 quidnam
1041 2938 1095 2990 sibi
1115 2936 1192 2989 foret
1216 2936 1361 3005 agendum
1387 2935 1425 2987 de
1451 2935 1605 3001 praedicto

316 3022 440 3075 corpore
460 3009 593 3076 martyris
614 3008 727 3062 Christi.
747 3008 774 3079 a)
795 3010 865 3062 Bod.
885 3010 973 3061 misto
993 3012 1054 3061 teto
1076 3009 1140 3075 vdty
1158 3009 1221 3077 jen:
1242 3009 1280 3060 At
1298 3008 1352 3059 ille.
1373 3008 1403 3068 bl
1423 3006 1494 3060 Bod.
1512 3008 1604 3059 scien·

315 3080 392 3143 tiam,
408 3079 552 3132 adodava
563 3077 708 3150 (skracuje
724 3080 894 3146 nasledujici
908 3079 1107 3148 vypravovani
1119 3080 1152 3131 ai
1168 3086 1184 3130 l<
1199 3074 1324 3132 slovilm:
1345 3079 1464 3144 propria
1477 3076 1604 3146 petivit):

316 3161 346 3203 ut
366 3153 410 3200 vir
430 3166 550 3219 magnae
569 3150 752 3204 discretionis
776 3160 805 3202 et
825 3151 994 3212 industriae,
1014 3152 1070 3203 alta
1091 3151 1327 3204 consideratione
1346 3165 1407 3202 rem
1427 3151 1520 3213 ipsam
1539 3164 1604 3215 pcr-

316 3222 456 3287 pendens,
471 3231 625 3289 postquam
639 3224 751 3275 audivit
764 3223 911 3275 basilicam
922 3223 999 3274 illam
1010 3223 1107 3276 adhuc
1117 3223 1321 3275 benedictione
1334 3220 1489 3288 pontificali
1504 3235 1606 3275 carere

316 3292 392 3362 (nam
406 3301 436 3345 et
449 3294 506 3345 hoc
526 3295 620 3360 ipsum
640 3293 859 3359 diligentissime
878 3296 914 3346 ab
929 3295 980 3355 his,
1001 3295 1051 3360 qui
1071 3294 1231 3345 transmissi
1252 3292 1374 3352 fuerant,
1394 3292 1542 3359 inquirere
1555 3308 1606 3346 cu·

316 3367 409 3429 ravit),
421 3367 626 3430 coepiscopum
639 3381 723 3417 suum
738 3380 802 3417 cum
816 3366 970 3432 aliquantis
985 3366 1155 3418 clericorum
1170 3365 1266 3417 choris
1281 3364 1422 3433 allegavit,
1438 3378 1497 3429 quo
1511 3364 1606 3416 eccle·

315 3438 385 3488 siam
407 3437 490 3488 istam
512 3438 662 3489 dedicaret
676 3447 704 3488 et
718 3445 818 3501 postea
838 3453 946 3502 corpus
966 3438 1052 3489 beate
1072 3437 1205 3504 martyris
1225 3438 1252 3488 in
1274 3436 1338 3487 loco
1358 3436 1428 3501 ipso,
1449 3449 1508 3501 quo
1528 3450 1606 3503 aqua

316 3507 459 3559 inundare
484 3517 632 3573 coeperat,
657 3509 822 3560 tumularet.
852 3508 939 3577 Quod
961 3510 1009 3560 ubi
1030 3508 1208 3570 completum
1231 3516 1275 3559 est
1296 3522 1331 3559 eo
1351 3507 1463 3565 ordine,
1483 3521 1542 3574 quo
1563 3508 1604 3561 di·

315 3589 399 3630 xerat
428 3579 594 3644 episcopus,
623 3580 732 3631 nullum
761 3596 880 3647 prorsus
899 3594 994 3648 aquae
1014 3580 1166 3648 vestigium
1186 3579 1321 3645 apparuit
1340 3578 1367 3629 in
1388 3579 1461 3640 loco,
1480 3592 1540 3644 quo
1559 3586 1605 3630 tu-

316 3650 451 3703 mulanda
471 3657 556 3702 erant
574 3651 769 3702 sacratissime
789 3651 921 3719 martyris
941 3667 1015 3703 ossa.
1048 3650 1274 3703 Consecratione
1294 3651 1391 3715 itaque
1411 3649 1530 3702 basilice
1549 3649 1606 3702 rite

316 3730 434 3788 peracta
454 3729 483 3772 et
497 3722 582 3774 beata
602 3731 727 3789 martyre
747 3724 895 3783 tumulata,
915 3724 1071 3788 episcopus
1090 3722 1136 3774 ille
1157 3729 1358 3775 remuneratus
1378 3736 1394 3773 a
1416 3720 1552 3785 principe,
1572 3728 1606 3773 ut

316 3793 434 3860 dignum
457 3792 558 3853 fuerat,
578 3795 695 3860 propria
716 3794 825 3859 petivit.
845 3795 872 3858 c)
893 3793 956 3847 Tak
973 3795 1021 3861 jen
1044 3800 1076 3844 14
1094 3793 1118 3845 A
1134 3798 1157 3844 7.
1178 3792 1208 3852 d)
1228 3791 1281 3844 Un.
1302 3809 1318 3844 a
1339 3797 1371 3844 10
1386 3793 1407 3844 B
1423 3797 1436 3843 7
1451 3798 1604 3857 quatenus.

316 3866 343 3929 e)
366 3869 398 3916 10
419 3864 440 3915 B
467 3870 481 3915 7
501 3881 517 3916 a
539 3870 570 3914 14
590 3865 614 3914 Α
637 3870 650 3914 7
672 3865 716 3916 ma
737 3865 819 3917 celou
841 3865 908 3916 frasi
928 3864 1167 3930 srozumitelneji:
1193 3873 1337 3930 quatenus
1357 3868 1393 3915 ad
1415 3877 1481 3915 eum
1505 3863 1605 3915 venire

270 4000 273 4009 .
316 3936 491 4003 dignaretur.
511 3933 532 4004 s)
553 3941 585 3987 14
600 3937 623 3987 Α
639 3942 653 3987 7
667 3952 683 3988 a
699 3940 731 3986 10
745 3937 766 3988 B
781 3941 796 3991 7
817 3951 874 4003 que
894 3937 1005 4000 adhuc;
1028 3943 1059 3987 14
1075 3936 1098 3986 Α
1113 3941 1127 3986 7
1143 3937 1201 3988 ma:
1222 3936 1370 4001 sepulture
1389 3934 1526 3990 traderet.
1547 3937 1606 4002 pak

316 4016 457 4059 carereta
473 4009 556 4058 nema
575 4008 656 4059 slovo
672 4007 835 4073 pontificali.
855 4013 882 4077 gl
898 4014 931 4059 10
946 4008 966 4058 Β
982 4013 996 4058 7
1011 4008 1117 4060 valens.
1137 4007 1167 4058 hl
1190 4011 1221 4057 10
1236 4006 1256 4057 B
1273 4012 1286 4057 7
1301 4006 1397 4059 choris
1417 4006 1605 4071 clericorum

319 4084 350 4127 14
372 4078 395 4127 Α
417 4084 431 4129 7
452 4078 660 4145 aliquantulum
681 4078 714 4130 cl.
742 4078 761 4145 i)
782 4086 815 4131 14
835 4079 860 4130 A
880 4085 894 4130 7
915 4094 931 4130 a
953 4084 985 4130 10
1005 4078 1026 4129 Β
1047 4083 1061 4128 7
1082 4079 1239 4131 destinavit
1262 4093 1278 4129 a
1305 4076 1409 4146 nemaji
1434 4075 1605 4144 nasledujict

316 4150 392 4216 vdty.
419 4149 448 4215 k)
468 4149 521 4200 Un.
541 4149 599 4215 qui.
626 4148 645 4217 1)
666 4155 699 4202 10
718 4151 739 4202 Β
761 4155 774 4201 7
801 4151 885 4202 nema
911 4149 991 4218 vdty:
1021 4149 1292 4216 quo-dedicaret.
1325 4149 1363 4213 m)
1384 4153 1417 4199 10
1437 4148 1493 4199 Β7
1520 4150 1606 4201 noma

317 4235 394 4286 ·que.
415 4220 444 4289 n)
466 4227 498 4270 14
519 4222 543 4271 Α
565 4226 578 4271 7
599 4236 615 4271 a
636 4225 669 4271 10
691 4221 709 4272 Β
730 4228 744 4271 7
765 4222 792 4272 in
813 4222 917 4273 eodem
938 4221 1010 4285 loco,
1031 4238 1058 4271 in
1079 4235 1145 4289 quo.
1166 4226 1195 4283 ο)
1217 4219 1288 4285 Kap.
1310 4219 1424 4272 famula.
1445 4218 1474 4284 p)
1495 4225 1528 4271 10
1550 4220 1604 4272 Β7

317 4292 408 4344 neme.
428 4297 457 4359 ql
478 4292 541 4344 Tak
558 4293 606 4358 jen
629 4299 660 4341 14
683 4292 706 4344 Α
727 4296 756 4356 7;
779 4298 811 4344 10
831 4292 852 4343 Β
873 4298 888 4345 7
909 4307 965 4343 non
987 4293 1187 4344 inconsecrato
1208 4292 1231 4353 l.,
1251 4292 1372 4344 ostatni:
1394 4292 1605 4344 inconsecrato.

317 4362 340 4430 r)
363 4364 395 4414 10
415 4363 436 4415 Β
456 4364 531 4418 711ιὲ
550 4379 582 4415 za
602 4364 819 4416 sacerdotibus:
839 4378 897 4414 non
916 4364 1116 4416 inconsecrato
1136 4363 1201 4415 loco
1221 4378 1282 4414 eam
1304 4363 1489 4425 cupientibus
1508 4370 1605 4415 tumu-

316 4436 383 4488 lare.
413 4432 438 4503 s)
465 4440 498 4487 10
526 4436 545 4485 ss
572 4440 849 4502 7consecrataque3
876 4434 928 4487 Un.
957 4434 1087 4486 funditus
1116 4440 1294 4487 consecrata.
1333 4432 1355 4501 t)
1382 4439 1414 4485 10
1441 4434 1462 4485 B
1492 4439 1507 4486 7
1536 4449 1606 4487 non.

317 4507 347 4564 ul
368 4505 421 4559 Un.
442 4506 554 4575 nemaji.
574 4508 601 4571 v)
624 4514 656 4557 14
677 4508 701 4557 Α
722 4511 736 4558 7
757 4523 772 4559 a
794 4511 827 4559 10
848 4507 867 4556 Β
885 4512 899 4557 7
920 4506 1018 4559 felicis.
1039 4506 1070 4572 x)
1090 4505 1143 4559 Un.
1164 4523 1180 4559 a
1201 4512 1233 4559 14
1256 4508 1277 4556 Α
1299 4510 1314 4557 7
1334 4513 1373 4558 ut.
1394 4502 1422 4572 y)
1444 4511 1476 4554 14
1496 4506 1529 4557 Α.
1551 4509 1604 4558 7a

318 4582 351 4629 10
370 4578 434 4629 Β7;
456 4594 512 4646 que
532 4593 597 4630 cum
617 4579 723 4631 sanctis
743 4587 805 4631 erat
824 4578 861 4629 ad
882 4576 987 4629 Christi
1008 4578 1159 4630 dexteram
1179 4577 1357 4630 collocanda.
1378 4606 1411 4614 -
1432 4574 1457 4627 V
1477 4578 1531 4643 rlrp
1559 4576 1605 4629 bo·

317 4649 475 4701 deceurke'm
496 4650 575 4716 clrybr'
591 4650 641 4701 vie
660 4650 699 4701 od
718 4651 781 4702 slov
801 4648 871 4701 illita
891 4658 978 4717 atque
998 4649 1030 4700 ai
1050 4656 1112 4700 erat
1135 4649 1276 4701 dextram.
1315 4648 1356 4701 Sr.
1377 4648 1446 4716 vide
1466 4662 1547 4713 poan.
1567 4648 1606 4713 b).

319 4718 344 4788 z)
366 4725 398 4771 10
418 4720 439 4770 Β
460 4725 474 4770 7
494 4721 541 4773 ita.
561 4717 607 4788 aa)
629 4727 659 4771 14
681 4722 704 4772 Α
726 4728 769 4773 7a
786 4728 818 4774 10
838 4722 859 4773 Β
880 4725 893 4774 7
912 4722 1075 4787 episcopus.
1095 4720 1145 4786 bb)
1167 4721 1238 4772 14Α
1259 4724 1273 4771 7
1294 4735 1310 4771 a
1331 4726 1363 4773 10
1384 4719 1404 4770 B
1425 4724 1439 4769 7
1459 4720 1606 4786 repetivit.

318 4790 363 4859 cc)
390 4799 422 4845 10
448 4792 469 4843 B
491 4797 504 4842 7
525 4792 594 4844 eius.
