3917 5742
846 730 980 798 Kapitola
1001 730 1112 782 devita.
1572 731 1623 781 163

427 912 470 973 Et
494 912 580 973 hanc
604 912 650 975 illi
673 913 814 993 gloriam
837 912 921 974 fides
938 920 1029 973 recta
1047 914 1230 990 acquisivit,
1255 914 1287 973 in
1305 911 1468 991 quadum
1485 910 1622 981 advixit,

334 1000 475 1063 domino
492 1022 554 1063 suo
570 1001 711 1063 fideliter
728 1001 912 1065 deservivit.
939 1001 1026 1062 Nam
1043 1021 1120 1062 cum
1137 1009 1225 1061 esset
1241 1003 1472 1061 universorum
1489 999 1623 1078 dispen-

336 1098 428 1151 sator
452 1094 538 1152 inter
561 1099 651 1151 tecta
668 1095 774 1153 sancti
792 1091 983 1152 Wenceslai
1007 1091 1214 1167 degencium,
1239 1098 1378 1150 cunctos
1402 1108 1487 1168 pene
1511 1108 1624 1149 verna·

334 1178 431 1240 culos
455 1189 626 1241 extremos
649 1200 755 1259 usque
780 1181 823 1241 ad
848 1200 949 1241 cocos
974 1184 1020 1242 ita
1045 1183 1258 1253 instruxerat,
1290 1179 1380 1257 quod
1407 1197 1492 1255 pene
1516 1176 1625 1238 nullus

333 1273 542 1331 -curtensium
578 1268 671 1340 foret,
712 1273 768 1348 qui
805 1268 1107 1351 psalmograforum
1144 1287 1263 1345 ymnos
1303 1287 1424 1328 canere
1461 1266 1510 1327 vel
1547 1267 1623 1328 stilo

338 1377 479 1419 exarare
503 1362 682 1439 ignoraret,
717 1359 767 1419 vel
796 1358 921 1437 aliquid
954 1360 997 1418 ad
1023 1358 1288 1419 ecclesiasticum
1321 1361 1421 1419 ritum
1453 1359 1624 1433 pertinens

338 1447 537 1508 addisceret.
563 1446 745 1509 Universos
773 1467 834 1508 ceu
862 1456 983 1527 gnatos
1012 1451 1166 1526 proprios
1194 1446 1407 1523 amplectens
1433 1467 1452 1507 a
1481 1448 1625 1506 cunctisa

338 1543 375 1596 ut
400 1546 494 1612 pater
515 1537 754 1598 honorabatur.
772 1535 961 1615 Siquando
982 1555 1060 1596 vero
1078 1534 1124 1598 illi
1141 1537 1324 1597 elemosina
1341 1538 1489 1596 iniuncta
1507 1534 1625 1595 fuisset

338 1628 370 1685 in
404 1621 661 1703 dispendendisb
692 1627 810 1688 decem
840 1629 994 1699 nummis
1020 1629 1094 1702 ipse.
1128 1643 1189 1702 pro
1214 1623 1375 1685 fidelitate
1411 1627 1461 1685 sui
1498 1624 1625 1685 domini

334 1714 489 1775 addebat
512 1719 668 1795 quinque.
698 1713 843 1792 Quando
876 1716 1014 1794 quidem
1046 1715 1260 1775 iubebanturc
1286 1717 1319 1776 in
1343 1716 1479 1794 triginta
1509 1711 1560 1773 vel
1585 1731 1625 1772 eo

339 1804 484 1881 amplius
509 1806 665 1866 alimenta
690 1822 855 1883 pauperes
887 1805 1050 1876 distribui,
1080 1802 1272 1881 quindecim
1304 1800 1357 1863 ille
1391 1802 1540 1863 addebat
1565 1821 1624 1862 nu·

336 1910 476 1954 merum.
495 1891 711 1972 Quapropter
727 1902 761 1954 et
778 1914 797 1954 a
815 1893 888 1966 deo,
905 1894 1091 1954 secundum
1108 1894 1272 1970 promissa
1289 1894 1368 1967 eius,
1387 1890 1626 1971 euangelicum
1645 1887 1763 1947 Fontes,

335 1983 455 2043 audire
480 1986 616 2045 meruit:
641 1983 736 2065 Euge
759 2002 852 2043 serve
877 1984 973 2055 bone,
999 1985 1078 2060 quia
1095 1985 1128 2043 in
1147 2001 1255 2058 pauca
1272 1980 1361 2043 fuisti
1382 1979 1499 2055 fidelis,
1523 1999 1624 2057 supra
1654 1959 1757 2025 1‚224.

336 2072 443 2131 multa
466 2080 499 2132 te
524 2076 734 2146 constituam,
769 2066 902 2154 [Matth.
927 2071 990 2148 25,
1015 2065 1080 2153 21.]
1115 2078 1249 2131 etcum
1281 2070 1417 2131 domino
1443 2070 1568 2130 carnali
1594 2072 1626 2129 in

261 2187 264 2194 ·
340 2161 463 2237 gaudia
499 2164 740 2238 omnipotentis
775 2158 898 2223 Christi
935 2163 1057 2221 meruit
1091 2163 1212 2221 intrare
1248 2162 1424 2221 manencia
1449 2161 1520 2220 sine
1544 2157 1625 2219 fine:

340 2248 539 2329 lucerneque
576 2245 607 2333 [s.
633 2247 704 2331 35³]
738 2250 896 2311 ardentes
920 2253 953 2311 in
979 2248 1125 2323 basilica,
1163 2256 1356 2311 sanctorum
1390 2256 1531 2326 uterque
1567 2247 1625 2308 ubi

334 2342 491 2415 «quiescit,
507 2353 607 2400 nocte
624 2342 692 2401 vise
709 2347 793 2414 sunt,
811 2357 976 2418 vocesque
994 2337 1211 2416 psallencium
1227 2338 1422 2419 angelorum
1439 2357 1458 2396 a
1475 2338 1625 2414 pluribus

337 2429 422 2490 inibi
447 2428 561 2489 audite
586 2437 663 2490 sunt
686 2428 886 2508 frequenter.

432 2545 529 2634 [Kap.
555 2547 613 2634 ¹0·l
641 2551 743 2633 Igitur
768 2560 904 2614 sanctus
925 2572 965 2612 ac
986 2571 1067 2629 sepe
1085 2552 1321 2613 memorandus
1337 2560 1498 2628 patronus
1514 2559 1625 2612 noster

341 2642 537 2702 venerabilis
563 2642 783 2704 Wenceslaus
811 2642 888 2703 licet
912 2644 1040 2702 cunctis
1065 2661 1100 2701 se
1125 2642 1344 2701 exorantibus
1368 2659 1468 2719 opem
1492 2642 1627 2718 pietatis

337 2749 380 2790 -ac
406 2733 616 2811 benignitatis
648 2732 831 2810 impendat,
862 2732 1021 2808 precipue
1052 2738 1165 2791 tamen
1198 2729 1369 2790 vinculatis
1401 2749 1460 2790 seu
1493 2748 1627 2789 carcere

338 2822 441 2879 trusis
465 2818 637 2900 suffragari
662 2841 730 2882 non
748 2821 886 2882 desistit.
913 2819 1042 2898 Nempe
1067 2827 1100 2879 et
1122 2819 1198 2880 hinc
1223 2821 1365 2895 primum
1389 2811 1536 2899 insigned
1559 2820 1629 2878 eius

342 2910 449 2985 patuit
467 2911 695 2971 misericordie
712 2909 903 2990 prodigium
920 2916 997 2987 post
1009 2908 1268 2969 translacionem
1286 2911 1435 2981 corporis
1448 2910 1519 2968 eius
1532 2925 1629 2967 vene-

342 2997 489 3057 rabilem.
514 2995 598 3059 Cum
615 3001 703 3060 enim
727 2999 859 3079 plurimi
884 3018 1026 3075 reorum,
1049 3000 1254 3059 vinculorum
1278 2997 1423 3058 nexibus
1447 2995 1629 3056 ferreorum

343 3089 478 3160 astricti,
503 3090 647 3149 carceris
683 3088 818 3167 publica
850 3087 1019 3150 custodiae
1044 3088 1271 3148 detinerentur
1302 3088 1409 3165 patrie
1445 3087 1630 3148 secundum

338 3194 480 3250 morem,
504 3195 544 3236 ac
568 3177 743 3253 multiplici
767 3197 854 3256 pena
877 3177 1060 3254 dampnati,
1093 3184 1203 3253 preter
1235 3174 1340 3236 solam
1365 3183 1507 3236 mortem
1531 3173 1632 3236 nichil

343 3266 415 3343 spei
439 3266 559 3344 aliquis
590 3286 706 3328 eorum
739 3267 886 3339 haberet,
919 3264 1066 3345 quadam
1097 3272 1198 3326 nocte
1230 3267 1315 3326 inter
1339 3267 1430 3341 ipsas
1462 3266 1632 3344 angustias

343 3356 452 3431 positi,
477 3359 542 3415 deo
559 3355 602 3430 id,
619 3364 656 3416 ut
672 3356 849 3431 credimus,
872 3355 1024 3429 faciente,
1044 3357 1134 3415 venit
1150 3356 1197 3415 eis
1218 3357 1250 3415 in
1267 3361 1422 3427 mentem,
1443 3362 1480 3414 ut
1497 3353 1631 3412 beatum

346 3440 579 3505 Wenceslaum
604 3445 668 3506 sibi
700 3447 849 3506 misereri
881 3446 1113 3525 deposcerent.
1162 3443 1307 3505 Domine
1339 3443 1432 3521 deus,
1468 3444 1630 3522 inquiunt,

344 3551 402 3610 per
428 3535 544 3593 merita
569 3541 603 3594 et
627 3537 802 3595 oraciones
826 3536 966 3595 senioris
998 3536 1103 3594 nostri
1128 3531 1328 3607 Wenceslai,
1360 3536 1409 3594 tui
1433 3533 1633 3593 sanctissimi

340 3624 446 3696 testis,
470 3642 531 3683 nos
555 3624 586 3683 in
611 3630 704 3684 tanta
729 3625 880 3703 angustia
905 3624 1042 3702 positos,
1070 3631 1126 3683 tua
1151 3621 1206 3683 illa
1230 3624 1366 3700 antiqua
1390 3624 1510 3683 virtute
1539 3621 1632 3681 adiu·

343 3729 421 3770 vare
446 3711 600 3791 digneris.
626 3712 735 3774 Nocte
759 3715 912 3792 sequenti
936 3712 1016 3772 dum
1042 3731 1160 3773 omnes
1184 3714 1217 3772 in
1235 3711 1349 3773 seculo
1370 3710 1502 3789 placida
1520 3711 1632 3790 quiete

345 3810 529 3877 pausarent,
555 3800 618 3863 soli
643 3801 689 3863 hii
713 3804 835 3876 miseri,
859 3801 939 3881 quid
964 3803 1096 3881 requies
1120 3810 1215 3875 esset,
1241 3803 1415 3875 nescirent,
1440 3800 1552 3860 divina
1574 3818 1632 3877 po-

341 3891 462 3964 tencia,
494 3910 558 3970 qne
582 3885 831 3953 tribulantibuss
859 3892 911 3968 pie
935 3891 1054 3951 adesse
1079 3890 1178 3952 solita
1202 3898 1261 3967 est,
1284 3888 1386 3951 affuit.
1423 3888 1467 3950 Et
1490 3892 1634 3967 primum

345 3979 481 4054 quidem
505 3982 599 4058 quasi
624 4000 726 4042 sonus
751 3981 925 4042 cuiusdam
948 3979 1140 4041 tintinabuli
1164 3980 1195 4039 in
1220 3980 1355 4040 auribus
1379 3998 1493 4040 eorum
1512 3980 1651 4052 sonuit,¹

346 4067 468 4128 deinde
492 4068 550 4129 lux
574 4071 701 4131 cunctis
725 4070 873 4130 miranda
905 4071 1096 4130 incarcere
1128 4068 1262 4131 refulsit.
1294 4068 1337 4128 Et
1361 4069 1472 4129 subito
1501 4066 1633 4147 lignum,

342 4174 412 4233 *quo
438 4158 542 4234 pedes
567 4162 715 4220 omnium
738 4157 854 4220 inclusi
877 4160 1087 4234 tenebantur,
1119 4156 1207 4219 velut
1239 4177 1335 4218 arcus
1368 4177 1403 4219 se
1437 4157 1632 4218 incurvabat

346 4252 380 4304 et
404 4264 486 4306 mox
510 4266 627 4309 omnes
652 4248 756 4325 pedes
779 4267 859 4308 suos
883 4269 901 4307 a
926 4266 1028 4308 nervo
1061 4255 1289 4307 extraxerunt.
1333 4246 1495 4307 Videntes
1519 4253 1631 4306 autem

347 4331 474 4395 domini
491 4338 642 4396 virtutem
663 4356 722 4415 per
740 4340 857 4398 merita
874 4337 979 4397 sancti
998 4335 1187 4397 wenceslai
1204 4337 1332 4410 adesse,
1349 4332 1631 4407 confortabantur,

343 4424 412 4483 iam
437 4444 496 4502 spe
520 4424 632 4485 salutis
657 4436 806 4505 accepta,
830 4434 864 4488 et
887 4428 1081 4486 continuata
1105 4445 1187 4485 voce
1219 4424 1422 4486 clamabant:
1447 4422 1547 4498 Deus,
1573 4422 1633 4482 do-

436 4642 463 4691 al
483 4634 558 4699 Rkp.
579 4635 636 4685 ma:
657 4635 837 4701 cunctisque.
863 4635 892 4694 bl
912 4632 1070 4698 Opraveno
1090 4649 1107 4684 v
1123 4631 1369 4699 ›disperdandis‹.
1389 4635 1416 4695 cl
1437 4632 1500 4684 Talr
1522 4631 1634 4683 Bollan-

347 4702 421 4757 diste
441 4722 458 4757 a
478 4705 504 4757 P.
525 4705 654 4757 Athenas
673 4707 805 4772 opravuji
824 4723 838 4757 z
859 4706 1040 4770 videbantur,
1058 4705 1103 4772 jei
1121 4704 1149 4773 je
1169 4720 1186 4756 v
1205 4706 1286 4766 rkpe.
1305 4704 1335 4768 d)
1355 4704 1429 4770 Rkp.
1450 4705 1509 4756 ma:
1540 4706 1634 4772 signo·

249 4795 251 4798 ·
347 4791 417 4837 rum,
438 4776 480 4842 ici
500 4776 613 4827 nedava
631 4776 747 4845 smyslu.
768 4779 794 4840 e)
815 4776 903 4830 Slovo
922 4783 953 4828 to
973 4776 1040 4828 neni
1059 4792 1077 4827 v
1097 4778 1196 4842 rkpsu.
1224 4775 1374 4829 Dodavam
1394 4790 1427 4827 ze
1446 4774 1563 4843 smyslu,
1583 4775 1632 4826 na-

340 4847 458 4917 sleduje
477 4849 508 4899 P.
528 4847 683 4900 Athanase.
703 4847 726 4915 s)
745 4846 803 4901 Zde
823 4848 851 4900 P.
872 4848 1000 4900 Athanas
1019 4848 1159 4917 navrhuje
1178 4847 1268 4901 dteni:
1292 4847 1444 4901 tribulatis.

1425 4951 1475 5004 11*
