3917 5742
348 724 400 773 164
704 719 726 787 J.
746 718 852 772 Peirai:
872 717 1012 789 Nejstarsi
1031 720 1154 772 kronika
1173 718 1269 772 deska.

347 903 427 963 mini
449 900 527 982 Jesu
545 898 667 963 Christi
691 909 795 980 pater,
820 901 938 962 adesto
956 901 1061 977 nobis,
1086 904 1187 963 servis
1204 903 1267 963 tuis
1283 901 1316 962 in
1333 909 1366 962 te
1382 902 1635 976 confidentibus,

347 1010 407 1070 per
430 992 546 1052 merita
571 1000 604 1052 et
629 992 805 1052 oraciones
836 993 943 1052 sancti
967 989 1166 1067 Wenceslai,
1197 994 1254 1071 qui
1276 990 1325 1051 tui
1348 991 1491 1053 nominis
1520 1009 1634 1052 amore

347 1081 389 1141 ab
413 1080 523 1159 impiis
547 1082 679 1142 occisus
704 1088 763 1140 est.
801 1079 883 1140 Mox
907 1080 1004 1141 affuit
1028 1077 1151 1141 Christi
1174 1082 1287 1153 virtus,
1320 1088 1353 1140 et
1376 1082 1636 1160 uniuscuiusque

346 1178 483 1249 torques
507 1168 676 1230 confracta
701 1168 822 1230 cecidit
845 1169 888 1228 de
912 1168 999 1230 collo
1023 1172 1056 1231 in
1079 1177 1212 1230 terram.
1239 1168 1282 1229 Et
1301 1170 1427 1230 dimissi
1451 1190 1470 1231 e
1494 1189 1635 1245 carcere,

347 1259 556 1321 ambulantes
569 1278 629 1338 per
645 1262 761 1338 girum,
785 1257 965 1320 narrabant
989 1278 1037 1335 ea,
1061 1278 1126 1338 que
1142 1260 1210 1319 suis
1227 1258 1331 1322 oculis
1355 1258 1515 1333 viderant,
1533 1278 1636 1337 opera

347 1367 467 1429 magna
492 1349 556 1409 dei.

436 1436 513 1498 Hoc
545 1438 645 1517 igitur
677 1436 837 1498 miraculo
870 1455 930 1513 pro
962 1437 1013 1497 sui
1044 1436 1273 1517 magnitudine
1306 1444 1339 1497 et
1370 1436 1475 1517 gloria
1510 1437 1635 1516 ubique

348 1525 480 1601 diffuso,
513 1528 653 1607 contigit
676 1526 843 1604 quendam
870 1545 1076 1606 paganorum
1111 1526 1144 1586 in
1169 1524 1322 1586 custodia
1347 1526 1519 1587 detentum
1545 1545 1635 1585 com·

348 1618 482 1693 perisse,
514 1615 605 1695 quod
633 1622 751 1675 sancto
776 1614 980 1676 Wenceslao
1005 1615 1152 1675 maxima
1177 1623 1265 1676 esset
1289 1633 1367 1675 cura
1392 1633 1452 1691 pro
1477 1615 1548 1689 hiis,
1579 1617 1636 1694 qui

347 1706 380 1765 in
404 1723 537 1765 carcere
563 1704 692 1782 religari
715 1703 877 1778 solebant,
901 1704 1090 1766 liberandis.
1116 1701 1217 1781 Quod
1241 1705 1388 1778 audiens,
1413 1705 1489 1784 quia
1514 1705 1637 1783 ingenti

348 1801 419 1855 erat
450 1795 647 1854 necessitate
682 1795 892 1868 constrictus,
922 1802 1039 1854 votum
1062 1795 1159 1868 vovit,
1184 1793 1313 1855 dicens:
1350 1792 1385 1855 Si
1417 1794 1500 1854 deus
1531 1794 1636 1854 sancti

348 1882 537 1943 Wenceslai
563 1891 597 1942 et
620 1881 704 1942 deus
727 1882 984 1944 christianorum
1014 1901 1066 1942 me
1091 1883 1134 1943 ab
1159 1882 1221 1943 hac
1246 1884 1376 1943 miseria
1402 1902 1461 1942 sua
1486 1882 1636 1944 bonitate

348 1972 505 2048 eripuerit
529 1980 562 2031 et
586 1972 738 2050 dignitati
761 1971 898 2049 pristine
922 1973 1112 2041 restituerit,
1137 1972 1272 2033 credam
1296 1974 1328 2032 in
1346 1968 1513 2033 Christum
1534 1971 1636 2032 filium

348 2062 402 2123 dei
418 2071 452 2122 et
469 2063 671 2137 baptismum
696 2061 810 2121 salutis
834 2061 995 2140 accipiam
1019 2080 1058 2121 ac
1083 2061 1234 2141 religioni
1251 2062 1432 2140 pietatique
1457 2061 1636 2121 christiane

347 2159 421 2211 toto
454 2170 506 2210 me
539 2152 649 2211 animo
681 2151 838 2228 permitto
870 2158 903 2210 et
934 2149 1035 2210 filium
1067 2168 1178 2210 meum
1211 2149 1319 2211 eidem
1352 2152 1488 2226 martyri
1520 2158 1636 2210 eterno

348 2240 486 2300 servicio
510 2239 721 2316 mancipabo
763 2240 833 2300 Vix
856 2240 958 2300 verba
990 2238 1191 2315 impleverat,
1224 2247 1257 2299 et
1281 2257 1359 2299 ecce
1393 2242 1506 2300 omnia
1531 2238 1635 2299 ferrea

350 2328 477 2389 vincula
499 2327 699 2389 ceciderunt.
726 2328 834 2407 Quem
852 2328 901 2389 bis
925 2336 1043 2407 terque
1071 2329 1359 2408 comprehensum,
1385 2328 1532 2408 repetitis
1555 2329 1637 2389 iniu·

350 2419 413 2491 riis,
437 2416 575 2478 vinculis
592 2417 783 2488 iniecerunt,
808 2418 867 2479 sed
893 2419 935 2478 ab
960 2418 1025 2477 hoc
1042 2418 1128 2477 sicut
1145 2425 1242 2477 antea
1259 2416 1387 2477 vincula
1404 2425 1437 2478 et
1454 2417 1638 2495 compedes

350 2505 552 2568 ceciderunt.
579 2503 729 2568 Carceris
746 2506 872 2568 domini
893 2515 1031 2585 propter
1047 2508 1156 2567 iterati
1173 2507 1321 2568 miraculi
1338 2508 1573 2580 reverenciam,
1589 2508 1636 2566 uti

350 2605 384 2657 et
406 2598 552 2677 graciam
578 2596 644 2656 deo
661 2596 884 2669 exhibentes,a
907 2594 1051 2656 eundem
1069 2595 1209 2656 liberum
1228 2596 1320 2656 abire
1341 2598 1544 2673 permittunt.
1570 2593 1636 2673 Qui

350 2685 514 2758 dimissus,
539 2687 697 2745 continuo
719 2693 832 2745 sancta
851 2683 917 2744 fide
934 2686 1114 2746 instructus
1138 2694 1171 2745 et
1189 2687 1376 2765 baptizatus
1393 2694 1452 2760 est,
1476 2693 1510 2744 et
1525 2683 1637 2758 filium,

350 2793 449 2853 quem
472 2782 618 2849 voverat,
643 2774 779 2851 martyri
802 2774 946 2847 tradenS,
972 2782 1091 2851 postea
1115 2774 1228 2834 multis
1253 2775 1346 2835 annis
1370 2774 1561 2853 supervixit.

439 2861 507 2924 Sed
533 2871 567 2923 et
590 2863 672 2922 alius
695 2864 832 2941 quidam
856 2882 932 2923 reus
956 2864 1027 2941 pari
1052 2864 1154 2923 modo
1171 2863 1279 2925 iussus
1296 2861 1403 2924 fuerat
1420 2863 1451 2923 in
1469 2881 1636 2923 carcerem

350 2951 483 3025 retrudi,
507 2953 562 3029 qui
586 2960 736 3012 sanctum
762 2951 999 3013 Wenceslaum
1023 2970 1105 3013 voce
1126 2960 1159 3012 et
1174 2951 1403 3032 frequentibus
1427 2953 1584 3029 suspiriiS,
1600 2960 1637 3012 ut

350 3043 401 3102 sui
425 3041 643 3114 misereretur,
667 3042 834 3115 invocans,
859 3043 945 3101 sicut
969 3050 1003 3101 et
1024 3043 1240 3117 asuperiore‚
1264 3044 1311 3102 ita
1328 3051 1360 3102 et
1377 3042 1418 3102 ab
1436 3043 1497 3101 isto
1515 3048 1636 3102 cuncta

350 3130 553 3190 manicarum
578 3138 611 3189 et
636 3130 837 3209 compedum
863 3123 1085 3190 arctamentab
1109 3130 1308 3192 ceciderunt.
1343 3127 1450 3208 Quem
1475 3130 1637 3191 increduli

350 3237 426 3280 com
445 3213 478 3301 [f.
491 3212 563 3301 35b]
582 3219 836 3297 prehendenteS‚
853 3220 996 3299 argenti⁰
1020 3219 1133 3295 precio
1151 3227 1301 3296 accepto
1318 3219 1505 3299 longinquis
1525 3220 1636 3279 nacio-

350 3309 448 3369 nibus
473 3308 698 3381 vendiderunt,
722 3310 908 3369 nescientes
934 3307 1033 3368 deum
1059 3310 1210 3369 universe
1233 3318 1322 3369 terre
1338 3310 1585 3369 dominatorem
1602 3318 1636 3369 et

350 3398 478 3458 domini
503 3416 575 3458 esse
600 3405 722 3458 terram
746 3406 781 3457 et
805 3396 1046 3476 plenitudinem
1075 3399 1155 3467 eius,
1188 3405 1344 3475 putantes
1369 3400 1474 3458 eciam
1500 3398 1635 3458 beatum

350 3496 529 3562 martyrem
553 3486 651 3568 longe
676 3508 694 3546 a
720 3505 756 3547 se
781 3488 966 3563 positorum
991 3504 1108 3563 preces
1132 3486 1295 3547 exaudire
1327 3505 1394 3547 non
1419 3505 1527 3565 posse.
1569 3484 1636 3564 Qui

351 3576 430 3636 dum
448 3575 679 3650 deduceretur,
697 3576 821 3636 meritis
839 3577 928 3636 beati
947 3574 1137 3635 Wenceslai
1151 3577 1263 3636 subito
1280 3576 1475 3636 ceciderunt
1491 3574 1636 3635 kathene

351 3666 394 3726 de
419 3666 573 3725 manibus
597 3667 668 3724 eius
700 3673 734 3724 et
756 3673 893 3743 torques
924 3661 1029 3724 ferrea
1062 3664 1105 3725 de
1129 3664 1216 3726 collo
1241 3667 1321 3726 eius.
1361 3664 1410 3726 Illi
1434 3672 1554 3739 autem,
1580 3666 1636 3741 qui

352 3772 428 3813 eum
460 3761 618 3829 emerant,
653 3755 802 3832 quamvis
833 3752 975 3834 gentiles
1006 3752 1123 3828 forent,
1156 3761 1329 3815 cernentes
1360 3762 1452 3815 tanta
1476 3754 1636 3813 mirabilia

351 3842 415 3918 dei,
435 3840 575 3903 liberum
600 3861 675 3902 eum
701 3844 793 3902 abire
818 3843 1022 3920 permittunt.

441 3931 520 3991 Post
550 3950 619 3991 non
651 3930 790 3991 multum
820 3933 982 4010 temporis
1010 3934 1165 4009 princeps
1189 3931 1359 4011 quendam
1385 3931 1483 3992 alium
1507 3931 1539 3991 in
1565 3951 1637 3991 car-

319 4052 322 4058 ·
351 4038 461 4080 cerem
486 4021 612 4081 retrudi
636 4021 738 4081 iussit.
763 4018 829 4097 Qui
846 4020 925 4081 dum
950 4018 1179 4099 frequentibus
1203 4023 1354 4099 suspiriis
1379 4016 1551 4082 dominum
1577 4020 1635 4080 de-

352 4118 550 4184 precaretur,
567 4110 698 4169 diceus:
723 4108 867 4169 Domine
884 4110 975 4182 deuS,
993 4128 1053 4187 per
1070 4112 1186 4170 merita
1203 4111 1293 4170 beati
1310 4110 1499 4170 Wenceslai
1516 4109 1635 4170 adiuva

351 4217 462 4257 me-
481 4198 626 4277 quadam
651 4207 749 4259 nocte
774 4199 920 4278 contigit,
947 4206 982 4258 ut
1006 4200 1091 4259 inter
1113 4200 1204 4277 ipsas
1228 4203 1397 4278 angustias
1418 4199 1634 4259 obdormiret.

352 4285 417 4364 Qui
440 4287 524 4348 sicut
548 4290 651 4348 moris
673 4296 724 4348 est
746 4287 987 4360 tribulatorum,
1004 4290 1116 4348 statim
1134 4289 1376 4367 expergiscens,
1400 4288 1480 4348 vidit
1496 4306 1531 4347 se
1548 4296 1636 4347 stare

352 4384 448 4435 extra
481 4370 664 4437 civitatemd
687 4378 718 4435 in
742 4376 852 4437 media
877 4376 987 4454 platea
1012 4387 1045 4437 et
1068 4395 1176 4454 neque
1208 4378 1390 4455 compedes
1416 4385 1509 4438 erant
1530 4380 1635 4453 inpe-

353 4465 449 4525 dibus
473 4468 544 4525 eius
578 4484 686 4544 neque
717 4474 855 4544 torques
880 4468 911 4525 in
938 4464 1023 4526 collo
1055 4485 1164 4544 neque
1188 4477 1304 4526 catene
1330 4468 1362 4526 in
1388 4466 1540 4527 manibus
1565 4467 1636 4525 eius

441 4707 467 4743 a·
488 4691 561 4757 Rkp.
583 4692 642 4743 ma:
663 4690 751 4744 Cuius
771 4691 880 4743 domini
899 4706 951 4757 pro
971 4692 1000 4743 it.
1015 4692 1075 4743 mir.
1090 4692 1256 4744 reverencia
1276 4693 1320 4744 usi
1340 4700 1368 4745 et
1387 4694 1482 4760 gracia
1503 4693 1559 4745 deo
1579 4698 1634 4745 etc.

352 4760 458 4814 Zmenil
475 4763 548 4831 jsem
567 4763 654 4829 podle
673 4763 790 4830 smyslu.
816 4762 845 4824 b)
865 4762 939 4826 Rkp.
965 4764 1024 4815 mi:
1044 4771 1220 4831 argumenta.
1248 4765 1274 4828 c)
1295 4763 1367 4831 Rkp.
1388 4767 1447 4817 ma:
1474 4764 1635 4832 peregrino

353 4834 383 4897 d)
405 4833 463 4885 Zde
483 4833 510 4885 P.
530 4834 659 4886 Athenas
678 4834 818 4902 navrhuje
837 4834 927 4886 iterii:
949 4841 1033 4886 extra
1053 4849 1206 4888 carcerem.
